2892 4775
183 154 261 228 cviii

537 141 1176 242 PROLEGOMENA

424 273 573 333 Monediurn
594 277 639 352 esi,
659 297 734 352 quum
754 295 816 330 unus
829 271 923 350 aliquis
946 271 960 330 ἓ
976 276 1054 353 scena
1077 287 1179 337 comtum
1196 275 1306 349 profert,
1327 291 1372 333 rtet
1394 359 1402 376 .

384 351 732 504 Servilioidihſstrdullirgilii
742 429 812 487 libro
825 447 897 486 nono
912 426 1046 485 AEneidos
1063 447 1070 483 ι

344 544 348 562 ι
423 513 449 566 Ο
462 532 540 567 verae
555 509 679 586 Pbrrgiae
693 511 855 583 (nequeenim
868 505 991 582 Phryges)
1011 511 1047 563 ite
1056 521 1105 583 per
1116 505 1177 564 alta
1269 548 1274 562 ,

423 587 563 662 Dintbma,
582 579 626 644 aii
637 588 740 664 afficeris
752 585 859 658 biforem
872 587 918 642 dar
931 581 999 642 tibia
1011 601 1124 642 cantum.

384 663 512 740 Biforem,
532 666 629 743 inquit,
649 664 784 730 bisonum‚⁴
804 664 946 739 imparem.
967 663 1023 720 ,Et
1043 660 1158 721 servavit
1181 663 1220 720 eis
1243 663 1371 725 tibiarum

345 742 449 802 suarum
465 759 600 801 naturam.
640 742 732 800 Tibiae
745 757 838 799 autem
852 741 972 799 Serrana
982 741 1117 810 dicuntur,
1137 741 1270 818 quaesunt
1284 763 1372 819 pares,

345 827 370 878 u
381 822 497 896 aequales
510 821 612 878 habent
625 838 750 878 cavernas
767 842 776 884 ι
798 833 845 875 aut
859 818 994 896 Phrygia,
1015 839 1076 896 qum
1096 824 1120 876 dt
1134 820 1249 897 impares
1263 820 1331 890 sunt,
1347 825 1373 879 be

345 898 489 976 inaequales
509 899 611 958 habent
624 907 761 957 cavernas.
802 897 875 972 Ergo
898 895 1024 966 biforem,
1045 897 1206 967 diflimilem,
1226 899 1373 976 dissonumt

344 977 413 1035 Non
433 978 506 1035 enim
525 977 587 1042 sunt
598 978 656 1053 pari
670 975 856 1034 modulatione
874 973 1036 1050 compositae.
1078 975 1121 1033 Ut
1131 977 1203 1032 enim
1217 977 1256 1034 ait
1268 979 1370 1046 Varro,

347 1054 415 1111 tibia
429 1056 549 1132 Phrygia
572 1056 669 1112 dextra
691 1074 773 1110 onum
794 1051 919 1110 ¹foramen
934 1052 1027 1120 habet,
1047 1050 1145 1110 sinistra
1158 1052 1234 1111 duo:
1255 1073 1373 1131 quorum

344 1151 428 1190 unum
443 1151 551 1190 acutum
562 1133 655 1191 sonum
667 1132 760 1201 habet,
781 1131 894 1188 alterum
905 1148 1026 1208 gravem.
1067 1131 1095 1188 H
1100 1131 1207 1188 asienus
1220 1132 1336 1190 Servius.

425 1212 514 1269 Varro
526 1213 596 1269 libro
610 1213 709 1285 primo,
730 1209 771 1266 De
783 1229 811 1265 re
822 1207 938 1283 Rustica,
959 1227 1018 1285 cap.
1030 1207 1145 1266 secundo
1157 1227 1165 1266 :
1369 1260 1372 1268 ,

384 1287 478 1359 Certe,
501 1289 589 1366 inquit
603 1289 766 1354 Fundanius,
787 1285 860 1344 aliud
885 1288 978 1362 pallio,
998 1286 1109 1343 &aliud
1131 1286 1303 1362 agricultura,
1325 1281 1371 1344 sed

345 1366 440 1425 allinit.
482 1369 519 1425 Et
533 1383 563 1425 ut
575 1368 688 1424 dextera
713 1365 781 1423 tibia
797 1364 872 1430 ¹alia,
894 1363 977 1440 quim
990 1363 1097 1432 sinislra,
1117 1364 1156 1422 ita
1177 1381 1207 1422 ut
1223 1381 1312 1423 tamen
1339 1365 1373 1426 fit

344 1444 552 1522 quodammodo
571 1443 733 1521 conjuncta:
756 1441 829 1519 quod
844 1443 879 1508 eil
901 1443 987 1500 altera
1000 1440 1116 1516 ejusdem
1131 1443 1259 1500 carminis
1272 1445 1371 1502 modo·

345 1543 405 1582 rutn
421 1524 564 1593 incentiva,
579 1522 664 1579 altera
675 1521 837 1579 succentita.
858 1521 894 1578 Et
908 1519 1019 1598 quidem
1031 1520 1095 1578 licet
1105 1519 1226 1594 adjicias,
1247 1521 1371 1598 inquam,

344 1603 479 1678 pallorum
494 1602 578 1660 vitam
598 1601 650 1658 esse
665 1601 839 1670 incentivam,
860 1599 1038 1676 agricolarum
1057 1597 1248 1666 succentivam,
1262 1601 1373 1658 auftore

344 1679 494 1738 dottiffimo
516 1679 627 1736 homine
652 1679 821 1746 Dicaearcho,
842 1681 889 1753 qui
903 1677 1020 1734 Graeciae
1044 1679 1098 1734 vita
1120 1678 1206 1754 qualis
1229 1677 1311 1735 suerit
1334 1679 1372 1735 ab

343 1757 433 1825 initio,
456 1754 531 1814 nobit
545 1757 583 1814 ita
596 1757 720 1826 ostendit,
742 1775 771 1814 ut
783 1755 961 1833 superioribus
980 1755 1145 1833 temporibus
1168 1753 1243 1812 soille
1257 1755 1370 1828 doceat,

344 1855 430 1913 quum
456 1836 580 1893 homines
603 1836 768 1912 pastoritiam
796 1836 880 1892 vitam
905 1849 1024 1910 agerent,
1055 1852 1144 1911 neque
1165 1833 1261 1892 scirent
1282 1836 1370 1893 etiam

344 1931 421 1970 arare
436 1929 545 1982 terram,
566 1931 613 1971 aut
632 1911 718 1970 serere
731 1913 849 1982 arbores,
870 1927 918 1968 aut
931 1927 1035 1988 putare,
1055 1912 1090 1969 ab
1106 1913 1145 1969 his
1154 1911 1284 1969 inferiore
1307 1931 1371 1989 gra-

343 1990 381 2048 du
396 1993 482 2048 aetatis
494 1990 641 2068 susceptam
664 1992 863 2067 agriculturam.
903 1990 1040 2063 Quocirca
1060 1991 1213 2047 &succinit
1235 1990 1371 2067 pallorali,

343 2069 418 2147 quod
433 2072 469 2126 ell
483 2069 600 2138 inferior,
623 2083 653 2127 ut
667 2070 732 2126 tibia
746 2069 844 2126 sinislra
858 2065 874 2124 ti
887 2066 989 2124 dextrae
1000 2067 1183 2126 foraminibus.

384 2150 482 2215 Scene,
501 2146 554 2205 five
572 2146 657 2218 cerri,
672 2149 741 2205 vetti
760 2142 857 2204 Latini:
872 2146 929 2223 poli
940 2144 1139 2218 umbreeculum,
1161 2144 1203 2202 vel
1217 2151 1367 2206 tentorium.

343 2225 411 2283 Erat
425 2243 517 2282 autern
528 2227 644 2302 antiquis
658 2225 734 2282 scena
749 2225 935 2282 umbraculum
947 2242 982 2280 ex
996 2227 1121 2282 arborum
1137 2225 1286 2294 stondibut,
1306 2243 1369 2282 utn-

344 2303 400 2361 hrae
420 2303 501 2361 causa
526 2301 543 2361 ὲ
564 2304 661 2361 rusticio
685 2305 854 2360 excitatum:
886 2302 932 2359 ubi
954 2300 1023 2360 sellie
1050 2302 1145 2360 diebus
1169 2304 1371 2372 convenientes,

343 2379 448 2439 diversa
459 2379 583 2439 ludorum
607 2388 631 2438 br
650 2380 776 2455 jocorum
801 2400 899 2459 genera
925 2383 1095 2440 exercebant.
1137 2380 1171 2439 ld
1186 2381 1258 2458 quod
1274 2379 1371 2439 hodie‘·

344 2462 439 2539 quein
455 2460 530 2537 pagis
551 2460 673 2517 videmus
696 2461 815 2534 plurimis
839 2461 866 2517 in
880 2459 946 2519 locit
959 2458 1105 2517 observati.
1145 2462 1221 2519 Nam
1250 2467 1291 2535 (ut
1302 2461 1370 2519 olitn

343 2555 407 2597 ante
432 2538 504 2594 usum
521 2536 699 2607 theatrorum)
725 2538 807 2617 scenae
830 2538 907 2614 super
933 2537 1045 2613 plaustra
1065 2538 1175 2595 ductilia
1195 2554 1368 2611 extruuntur,

342 2636 376 2678 ac
388 2636 436 2693 per
445 2616 565 2693 compita
577 2614 673 2682 dume,
693 2616 795 2693 populo
806 2618 925 2692 praebent
935 2614 1087 2675 fabularum
1098 2615 1319 2675 obledlationctn.

383 2696 509 2752 Theatra
522 2709 600 2752 erant
610 2693 722 2751 aedificia
736 2697 762 2751 in
777 2696 869 2771 populi
884 2695 999 2770 gratiam
1013 2696 1143 2765 extructa,
1171 2694 1205 2751 ad
1221 2692 1369 2766 hemicycli

343 2774 397 2831 sive
424 2770 580 2831 semicirculi
604 2772 729 2849 speciem,
749 2773 841 2829 dicata
864 2772 933 2829 ludis
954 2772 1112 2849 spectandis.
1152 2770 1250 2831 Latin&
1267 2771 1369 2847 specla-

342 2852 403 2910 cula
423 2852 498 2927 posfis
519 2852 633 2913 diceret
653 2849 774 2909 sicenim
789 2848 805 2907 l
818 2846 962 2909 commode
986 2850 1171 2927 prospiciendo
1192 2868 1225 2906 ac
1248 2848 1371 2907 videndo

343 2929 403 2987 sunt
415 2929 570 3005 appellata:
590 2928 704 3009 θιατςὴς,
713 2934 847 3005 spetiator
860 2949 870 2985 .·
885 2928 1002 3021 brairgte,
1010 2926 1181 3005 speetatrix:
1201 2926 1372 3008 btargiitrnj

342 3007 452 3087 θέατρον,
477 3006 656 3082 speBorulunr,
689 3008 831 3065 theatrum.
884 3008 975 3073 Forte,
1010 3025 1040 3064 ut
1070 3007 1158 3065 scribit
1187 3006 1369 3076 Calliodoms,

344 3086 444 3143 theatri
459 3086 539 3153 stom,
560 3083 613 3143 live
636 3104 670 3142 ea
697 3087 796 3143 theatri
822 3086 923 3161 portio,
953 3086 1096 3161 quaeirrter
1117 3084 1171 3141 duo
1191 3101 1292 3141 cornua
1306 3102 1371 3159 pro-

344 3165 472 3230 tenditur,
495 3162 571 3221 scena
586 3179 707 3221 vocatur.
748 3164 792 3222 lta
816 3181 907 3221 autem
932 3163 1145 3238 componebatur
1168 3162 1316 3231 theatrum,
1339 3178 1371 3219 ut

345 3260 380 3298 eo
393 3244 565 3311 convenient,
599 3246 624 3299 δι
644 3241 682 3298 ibi
698 3239 842 3299 commode
865 3240 957 3299 sedens
972 3242 1059 3309 turba,
1079 3238 1094 3297 ὲ
1114 3241 1265 3319 longinquo
1290 3238 1371 3297 facilc

342 3317 461 3395 spectare
475 3319 569 3395 posset,
589 3336 710 3377 concavo
731 3317 885 3398 aequalique
907 3319 1041 3396 parietum
1065 3318 1249 3392 circumjectu,
1280 3334 1309 3377 ut
1324 3318 1369 3375 vel

343 3396 399 3453 leni
410 3398 474 3454 sono
494 3398 567 3454 ditia
581 3398 676 3466 verba,
696 3397 730 3453 ad
753 3403 868 3455 alterum
890 3398 990 3455 theatri
1003 3414 1085 3472 caput
1098 3396 1205 3455 facilius
1218 3396 1371 3471 perferrem<

344 3487 395 3545 tur.
438 3474 480 3530 lta
498 3480 571 3531 enim
590 3492 648 3531 etat
668 3475 880 3544 conformatum,
915 3491 945 3533 ut
968 3472 1044 3551 mque
1065 3476 1149 3551 gellus
1174 3474 1368 3550 prospicerent,

343 3570 376 3609 ac
391 3570 469 3609 voces
492 3552 615 3610 audirent
628 3553 657 3621 ii,
677 3557 724 3629 qui
739 3554 773 3611 ad
787 3554 871 3610 latera
887 3559 911 3607 er
926 3553 952 3609 in
966 3554 1075 3610 summis
1090 3552 1213 3609 sederent
1231 3550 1371 3629 gradibus,

342 3647 428 3708 atque
442 3630 460 3686 ii
470 3631 516 3707 qui
528 3632 554 3686 in
565 3629 633 3686 limis
642 3629 721 3705 juxta
730 3633 848 3689 scenam.
870 3632 962 3687 Postea
974 3629 1037 3688 verb
1048 3631 1230 3707 excogitatum
1243 3632 1278 3687 cll
1291 3632 1371 3688 thea-

344 3726 415 3765 trum
436 3710 461 3765 in
478 3708 621 3765 rotundam
636 3709 752 3766 sormam
766 3708 928 3775 extructum,
944 3708 997 3766 olio
1012 3706 1091 3787 longe
1104 3708 1276 3765 excellentius
1286 3726 1370 3786 atque

343 3789 483 3861 capacius:
505 3786 579 3863 quod
600 3787 664 3863 quia
689 3788 762 3843 velut
775 3806 809 3844 ex
832 3786 937 3843 duobus
950 3787 1083 3845 constaret
1096 3784 1217 3853 theatris,
1239 3804 1289 3843 nec
1311 3806 1371 3843 am-

342 3866 411 3939 plius
425 3863 615 3939 hemicyclum,
640 3862 685 3920 sed
706 3864 852 3922 rotundam
873 3864 990 3923 formam
1014 3866 1136 3931 referret,
1156 3862 1192 3921 oh
1211 3861 1238 3920 id
1255 3865 1369 3939 ,amphi-

342 3944 493 3999 theatrum-
504 3943 607 3999 ditium
626 3940 671 4000 et.
712 3944 954 4019 Amphitheatrum
967 3960 1059 4001 tamen
1074 3942 1165 4001 scribit
1178 3942 1254 3999 Dion
1268 3960 1302 3999 cx
1316 3944 1371 4001 hoc

341 4018 407 4087 dici,
427 4019 500 4087 quod
515 4040 562 4096 per
576 4021 710 4078 ambitum
728 4022 819 4077 sedilia
833 4016 1036 4095 disponerentur
1050 4022 1150 4099 absque
1164 4018 1252 4077 scena.

381 4098 550 4155 Prol'ceninm
573 4098 648 4155 locus
673 4116 742 4167 etat,
769 4098 813 4155 seu
835 4104 936 4167 velum,
970 4101 1111 4156 autetiam
1134 4098 1280 4174 pulpitum,
1307 4110 1372 4155 ante

340 4191 446 4233 cenam.
486 4176 531 4234 Ex
555 4176 696 4254 proscenio
717 4178 747 4236 in
773 4176 878 4235 scenam
905 4176 1087 4237 evocabuntur
1101 4176 1180 4237 mimi
1199 4175 1252 4235 sive
1266 4176 1372 4233 histrio·

1320 4272 1368 4311 net
