2892 4775
322 7 409 146 ru
435 7 470 145 u
495 69 529 143 r
553 5 701 143 n'rr
716 7 817 145 aiv
834 69 879 142 A
1129 7 1149 10 ”
1176 7 1193 10 ”

81 215 133 255 nes
154 195 191 255 ab
205 194 310 254 fabulas
330 215 346 272 ².
367 195 473 260 endas:
493 194 657 272 viciflimque
676 194 692 254 ir
712 195 792 254 scena
815 194 879 252 illuc
900 193 1113 254 revertebantur.

82 273 173 334 Unde
186 277 296 332 adinum
307 275 336 332 in
347 215 452 334 latinis
466 274 607 332 comoediis
619 274 806 333 internoscitur
818 272 951 330 disliutlio
963 293 970 330 :
1002 274 1066 332 stcut
1088 277 1117 346 id

83 354 194 412 Graecis
203 355 288 411 choro
302 352 329 410 in
342 354 504 411 orchestram
517 353 696 430 demigrante.

125 435 243 491 Scenaru
266 431 352 488 etiam
373 447 473 493 vocant
495 431 605 497 comici,
625 421 756 509 quicquid
777 427 844 498 duae
858 426 978 505 pluresve
999 431 1119 508 personae

84 507 217 574 sermonis
241 509 341 585 integri
364 511 390 565 dr
414 508 530 567 absoluti
549 511 751 585 colloquuntur,
783 505 892 586 illicque
919 506 1009 566 finitur
1031 508 1118 576 scena,

84 588 135 646 nbi
158 603 207 645 aut
230 587 321 663 aliqua
342 584 457 662 persona
480 586 681 664 introgreditur,
703 584 800 646 utalia
820 589 856 644 ad
870 585 972 654 forum,
993 604 1041 646 aut
1064 585 1119 646 alib

85 667 215 744 quolibet
227 665 262 722 ad
278 665 405 722 viciniam
417 664 509 722 currit.
757 681 760 690 ¹
813 670 833 732 J

128 746 215 802 Attus
239 763 305 800 unus
329 743 419 821 plures
442 742 531 800 scenas
554 741 772 819 comprehendit.
812 741 920 819 Estque.
935 743 962 800 in
983 741 1121 801 cumoidia

86 823 175 891 auus,
205 832 267 898 para
294 821 501 899 quodammodo
533 820 654 880 absoluta
681 827 707 879 dr
728 825 841 898 integra,
876 821 996 879 nondum
1028 831 1120 880 tamen

87 919 150 958 rem
170 919 283 958 omnem
304 899 406 967 finiens,
425 896 471 956 sed
491 899 530 956 ita
553 899 726 958 dimidiatam
749 900 910 976 relinquens,
945 916 974 957 ut
994 898 1121 975 respirent

88 977 266 1054 [pestutum.
288 982 312 1035 dr
331 971 435 1036 facilius
449 992 632 1037 commutetur
652 977 779 1054 quicquid
802 979 828 1034 in
849 979 957 1052 reliquis
979 979 1121 1036 contoediae

88 1057 216 1134 partibus
231 1055 353 1132 superest.
393 1055 428 1114 ld
441 1071 536 1115 autem
559 1058 632 1133 ailus
651 1074 821 1114 commutare
834 1055 971 1114 dicebant.
1011 1056 1122 1114 Interea

90 1136 174 1193 mimi
186 1135 299 1194 disteria
311 1131 472 1192 &diverbia
495 1132 671 1205 referebant:
692 1135 929 1210 recitabanturque
950 1131 1038 1192 nescio
1060 1154 1122 1210 quae

85 1211 236 1288 jocularia,
255 1231 317 1290 quae
329 1215 459 1288 populum
479 1231 549 1270 nova
572 1213 753 1272 oblectatione
775 1213 922 1270 afficerent.
965 1213 1122 1271 Comoedia·

91 1311 155 1349 rum
169 1292 295 1350 recitatio
310 1292 336 1348 in
360 1292 447 1360 scena,
467 1291 538 1348 aelio
551 1290 704 1359 dicebatur.
726 1292 798 1350 unde
817 1293 901 1348 etiam
924 1290 972 1370 qui
994 1291 1122 1368 agebant,
1153 1349 1155 1366 ¹

92 1373 120 1426 dr
146 1370 251 1428 tabulas
276 1368 498 1444 pronuntiabant,
530 1370 633 1427 adlorer
653 1368 740 1428 dieti:
771 1368 818 1449 qui
838 1373 861 1425 dr
882 1367 1009 1437 comoedi,
1039 1369 1125 1440 histri·

93 1467 174 1516 ones,
194 1447 326 1519 ludiones,
345 1448 423 1520 ludii,
445 1447 643 1526 &hypocrism
662 1447 692 1507 id
714 1449 761 1520 eii,
791 1449 883 1506 aliena:
907 1449 1026 1526 personae
1045 1445 1126 1506 srmtt·
1220 1519 1224 1527 .

93 1528 206 1586 latores.

120 1669 434 1744 NOMINUM
472 1669 857 1744 COMICORUM
891 1667 1101 1759 RATIO,

206 1787 299 1853 PER
330 1784 563 1852 EUNDEM
597 1783 1009 1855 THEODORICUM.

197 1894 267 1977 ΟΝ
290 1921 327 1978 est
337 1890 375 1978 'de
390 1919 488 1990 nihilo,
506 1917 581 2000 quiid
595 1923 683 1997 poe'tae
695 1919 792 1978 comici
808 1935 855 1976 aut
870 1919 928 1978 haec
942 1935 988 1976 aut
1012 1919 1057 1976 illa
1079 1935 1129 1976 noo

211 1998 286 2056 mina
299 1997 454 2059 indiderunt
466 1999 570 2057 suarum
583 1999 701 2076 personis
713 1998 873 2056 fabularum.
915 1997 1005 2072 Hujus
1017 1998 1055 2056 rei
1069 2017 1127 2054 arn·

99 2077 214 2156 pliffima
229 2077 278 2134 tibi
292 2077 388 2136 damus
408 2078 566 2136 testimonia.
608 2079 733 2136 Donatus
756 2077 784 2133 in
806 2075 970 2152 Adelphos:
993 2075 1131 2145 Nomina,

40 2203 47 2212 .
98 2155 202 2231 inquit,
224 2155 397 2231 personarum
409 2157 437 2212 in
451 2156 591 2214 comordiis
606 2156 707 2214 habere
720 2153 821 2212 debent
835 2155 968 2212 rationem
982 2159 1130 2230 &etymo
1219 2163 1225 2187 ⁸

1220 87 1274 148 (Ν

100 2236 217 2312 logiam.
257 2235 368 2292 Etenim
389 2233 533 2293 absurdum
557 2235 594 2291 est
617 2236 751 2292 cornicum
772 2229 864 2308 aperti
882 2247 1041 2309 argumenta
1066 2250 1134 2289 con·
1247 2251 1249 2262 ·

100 2314 215 2392 fingere,
238 2313 281 2370 vel
300 2332 400 2370 nomen
422 2313 540 2391 personae
563 2299 738 2390 incongruum
761 2309 837 2379 dare,
866 2310 910 2367 vel
923 2310 1040 2368 officium
1055 2307 1131 2390 quod

47 2416 52 2425 ·
102 2392 170 2453 sita
191 2393 301 2450 nomine
324 2391 466 2451 diversum.
506 2392 582 2451 Hinc
602 2391 692 2449 servus
712 2390 798 2448 fidelis
823 2393 980 2447 Parmeno:
1008 2388 1132 2457 infidelis,
1187 2446 1190 2464 Α

103 2474 152 2531 vel
166 2472 259 2545 Syrus.
278 2472 322 2529 vel
336 2474 434 2532 Geta:
466 2472 542 2527 miles
555 2470 673 2539 Thraso,
694 2473 737 2525 vel
756 2466 905 2525 Polemon:
924 2465 1030 2541 juvenis
1052 2468 1133 2525 Pam·

125 2551 217 2607 hilus:
248 2566 373 2607 matrona
396 2550 562 2623 Myrrhina:
596 2552 621 2604 dr
641 2567 717 2621 puer,
738 2545 810 2603 &ab
823 2546 905 2604 odore
930 2546 1049 2603 Storax:
1080 2540 1134 2601 &a

103 2572 185 2697 ludo,
203 2633 228 2683 dr
248 2626 265 2687 is
288 2628 487 2706 gesticulatione
500 2629 615 2685 Circus:
636 2630 661 2683 dr
682 2627 750 2683 item
767 2624 870 2693 similia,
893 2625 919 2681 in
943 2624 1039 2700 quibus
1064 2622 1133 2679 sunr-

106 2724 186 2769 mum
240 2710 289 2763 ''tae
310 2708 405 2765 vitium
419 2706 465 2775 est,
485 2703 583 2781 siquid
603 2700 619 2761 ὲ
640 2704 777 2761 contrario
797 2721 949 2779 repugnans
971 2704 1137 2760 contrarium

106 2786 299 2863 diversumque
319 2785 481 2861 protulerit:
517 2783 562 2839 nisi
588 2804 637 2860 per
669 2781 829 2857 antiphrasin
858 2800 956 2838 nomen
982 2774 1137 2856 imposuerit

104 2866 287 2941 joculariter:
319 2879 349 2920 ut
363 2861 553 2958 Misargyrides
573 2862 601 2919 iu
625 2860 720 2920 Plauto
734 2858 831 2917 dicitur
846 2858 989 2933 trapezita.
1034 2859 1071 2916 Et
1085 2852 1139 2915 feri

108 2946 166 3001 hoc
179 2943 265 3000 modo
278 2942 351 3017 apud
364 2942 429 2998 alios
443 2961 460 2997 a
472 2942 558 3017 puiitis
569 2940 678 2998 nomina
693 2951 892 3013 componuntur
903 2936 1078 2995 describenda
1091 2954 1139 3013 per

110 3020 287 3098 antiphrafin,
308 3020 382 3096 quod
397 3018 515 3096 defignat
529 3019 636 3077 Storax.
1076 3083 1078 3091 ,

152 3102 231 3159 ldern
255 3101 282 3155 iu
305 3098 459 3165 Andriam:
480 3102 602 3173 Semper,
627 3095 726 3173 inquit,
748 3093 859 3151 nomina
873 3094 1038 3151 comicorum
1054 3090 1144 3149 servo·

111 3193 256 3248 tunm-aut
267 3176 285 3236 a
297 3178 452 3235 nationibus
472 3176 531 3235 surit
545 3178 653 3241 indicat
678 3190 706 3231 ut
721 3171 815 3244 Mysis,
838 3172 918 3245 Syrus
932 3192 939 3227 ι
961 3187 1007 3228 aut
1021 3190 1056 3227 ex
1070 3171 1141 3225 acci-

111 3251 253 3325 dentibus,
274 3273 304 3312 ut
317 3254 427 3322 Lesbia,
448 3256 521 3313 velut
535 3254 649 3319 ebriosa.
670 3250 791 3312 :iLesbo
806 3250 898 3319 insula,
919 3270 979 3328 quae
1003 3250 1039 3304 eil
1068 3246 1145 3305 ferax

112 3334 256 3392 suavissimi
278 3332 508 3411 candidissimique
531 3334 608 3390 vini:
640 3348 687 3389 aut
709 3330 726 3387 ὲ
747 3328 908 3398 vernilitate,
931 3345 960 3384 ut
981 3326 1144 3384 Pseudolus:

114 3433 163 3471 aar
174 3434 209 3471 ex
223 3414 347 3489 negotio,
365 3429 395 3467 ut
406 3412 569 3483 Chrysalus:
598 3428 628 3467 nt
642 3429 677 3467 ex
691 3405 824 3487 qualitate
848 3407 976 3483 corporis,
998 3420 1027 3463 ut
1042 3406 1145 3481 Chyla·

114 3511 163 3551 cus
177 3514 186 3547 ε
206 3512 254 3548 ant
265 3512 299 3548 ex
312 3491 398 3566 specie
411 3491 516 3561 formae,
536 3507 565 3547 ut
576 3490 725 3547 Pinacium,
906 3554 908 3559 Ι

157 3571 260 3627 Strabo
274 3568 346 3627 libro
366 3562 490 3647 septimo.
532 3570 593 3627 Fuit
606 3572 631 3623 dr
643 3568 697 3625 alio
719 3568 835 3645 regionis
859 3562 964 3632 divisio,
985 3562 1150 3639 estantiquis

115 3668 280 3726 permanens
295 3644 471 3723 temporibus.
513 3648 590 3706 Alios
609 3647 681 3703 enirn
697 3646 799 3715 Dacos,
821 3644 887 3701 alios
901 3642 989 3700 Getas
1003 3644 1149 3719 appeliant.

119 3726 210 3785 Getas
222 3725 346 3805 quidem,
357 3727 405 3803 qui
418 3727 453 3783 ad
469 3722 585 3781 Pontum
599 3724 626 3781 in
642 3724 786 3781 Orientem
799 3738 933 3798 vergunt:
950 3720 1041 3779 Dacos
1050 3735 1152 3789 autent,

117 3806 166 3882 qui
189 3825 217 3861 tn
231 3805 383 3881 oppositum
399 3804 487 3864 versus
500 3802 691 3870 Germaniam,
716 3809 741 3859 ἃ
757 3802 792 3859 ad
807 3802 864 3859 Illri
880 3800 979 3867 sontes,
1005 3818 1073 3875 quos
1086 3798 1151 3859 olim
1207 3810 1209 3813 '

119 3885 217 3941 Davus
232 3901 344 3939 vocarm
366 3883 418 3942 esse
439 3902 510 3941 reor.
549 3882 591 3957 Eu
605 3901 661 3957 quo
674 3880 745 3956 apud
763 3878 940 3937 Athenienses
966 3880 1107 3935 Davorum
1132 3880 1156 3935 dt

119 3960 262 4017 Getarum
287 3963 398 4018 nomina
417 3959 522 4019 servilia
545 3958 693 4035 plurimirm
707 3956 893 4017 abundabant.
936 3958 998 4013 Hoc
1022 3952 1083 4013 sane
1098 3972 1157 4011 cre·
1208 3962 1213 3969 ‘

109 4039 233 4119 ¹dibilius
247 4041 294 4101 est.
314 4036 396 4116 quium
411 4037 428 4098 ai
445 4039 606 4114 Scytharum
621 4054 703 4115 gente
717 4036 845 4100 derivati,
866 4052 934 4109 quos
948 4030 1022 4091 Daaa
1047 4050 1158 4091 vocant.

120 4114 223 4197 longi
236 4120 308 4177 enim
320 4120 359 4176 illi
373 4117 407 4176 ad
423 4119 590 4195 Hyrcaniam
604 4115 680 4194 positi
694 4115 764 4183 sunt,
785 4132 835 4171 nec
860 4130 893 4169 ea
912 4130 945 4169 eo
959 4112 1020 4169 luco
1035 4111 1159 4170 Athenas
1257 4161 1260 4166 .

637 4268 640 4273 Ι
671 4194 693 4249 h
713 4212 728 4251 2
1082 4188 1160 4247 dian·
