<?xml version="1.0" encoding="UTF-8"?>
<!DOCTYPE html PUBLIC "-//W3C//DTD XHTML 1.0 Transitional//EN"
    "http://www.w3.org/TR/xhtml1/DTD/xhtml1-transitional.dtd">
<html xmlns="http://www.w3.org/1999/xhtml" xml:lang="en" lang="en">
 <head>
  <title>
</title>
<meta http-equiv="Content-Type" content="text/html;charset=utf-8" />
  <meta name='ocr-system' content='tesseract 3.04.00' />
  <meta name='ocr-capabilities' content='ocr_page ocr_carea ocr_par ocr_line ocrx_word'/>
</head>
<body>
  <div class='ocr_page' id='page_1' title='image "./pterentiicartha00camugoog/pterentiicartha00camugoog_0131.png"; bbox 0 0 2892 4775; ppageno 0'>
   <div class='ocr_carea' id='block_1_1' title="bbox 335 57 941 159">
    <p class='ocr_par' dir='ltr' id='par_1_1' title="bbox 335 57 941 159">
     <span class='ocr_line' id='line_1_1' title="bbox 335 57 941 159; baseline -0.007 -2"><span class='ocrx_word' id='word_1_1' title='bbox 335 57 941 159; x_wconf 73' lang='lat' dir='ltr'>raxamrramn&#39;</span> 
     </span>
    </p>
   </div>
   <div class='ocr_carea' id='block_1_2' title="bbox 101 203 1143 443">
    <p class='ocr_par' dir='ltr' id='par_1_2' title="bbox 101 203 1143 443">
     <span class='ocr_line' id='line_1_2' title="bbox 101 203 1143 285; baseline -0.009 -15"><span class='ocrx_word' id='word_1_2' title='bbox 101 211 145 285; x_wconf 84' lang='lat' dir='ltr'>ici,</span> <span class='ocrx_word' id='word_1_3' title='bbox 169 203 324 274; x_wconf 71' lang='lat' dir='ltr'>urbanitate</span> <span class='ocrx_word' id='word_1_4' title='bbox 336 208 420 272; x_wconf 79' lang='lat' dir='ltr'>salta.</span> <span class='ocrx_word' id='word_1_5' title='bbox 441 205 497 264; x_wconf 87' lang='lat' dir='ltr'>dici</span> <span class='ocrx_word' id='word_1_6' title='bbox 509 207 596 284; x_wconf 78' lang='lat' dir='ltr'>podir.</span> <span class='ocrx_word' id='word_1_7' title='bbox 629 204 704 284; x_wconf 64' lang='lat' dir='ltr'>Quid</span> <span class='ocrx_word' id='word_1_8' title='bbox 719 210 792 267; x_wconf 93' lang='lat' dir='ltr'>enim</span> <span class='ocrx_word' id='word_1_9' title='bbox 814 205 928 275; x_wconf 80' lang='lat' dir='ltr'>suauiur,</span> <span class='ocrx_word' id='word_1_10' title='bbox 949 225 1025 282; x_wconf 82' lang='lat' dir='ltr'>quam</span> <span class='ocrx_word' id='word_1_11' title='bbox 1038 209 1143 280; x_wconf 76' lang='lat' dir='ltr'>insum·</span> 
     </span>
     <span class='ocr_line' id='line_1_3' title="bbox 104 281 1140 369; baseline -0.006 -19"><span class='ocrx_word' id='word_1_12' title='bbox 104 301 145 350; x_wconf 79' lang='lat' dir='ltr'>ais</span> <span class='ocrx_word' id='word_1_13' title='bbox 158 291 307 369; x_wconf 72' lang='lat' dir='ltr'>amplecti?</span> <span class='ocrx_word' id='word_1_14' title='bbox 329 285 491 363; x_wconf 73' lang='lat' dir='ltr'>sequidem,</span> <span class='ocrx_word' id='word_1_15' title='bbox 510 285 529 342; x_wconf 92' lang='lat' dir='ltr'>si</span> <span class='ocrx_word' id='word_1_16' title='bbox 549 285 586 343; x_wconf 90' lang='lat' dir='ltr'>de</span> <span class='ocrx_word' id='word_1_17' title='bbox 607 287 668 345; x_wconf 84' lang='lat' dir='ltr'>viro</span> <span class='ocrx_word' id='word_1_18' title='bbox 688 283 851 344; x_wconf 84' lang='lat' dir='ltr'>&amp;formosa</span> <span class='ocrx_word' id='word_1_19' title='bbox 875 281 992 360; x_wconf 86' lang='lat' dir='ltr'>conjuge</span> <span class='ocrx_word' id='word_1_20' title='bbox 1015 284 1140 344; x_wconf 82' lang='lat' dir='ltr'>dicaturl</span> 
     </span>
     <span class='ocr_line' id='line_1_4' title="bbox 104 362 1142 443; baseline -0.012 -13"><span class='ocrx_word' id='word_1_21' title='bbox 104 373 176 430; x_wconf 89' lang='lat' dir='ltr'>Non</span> <span class='ocrx_word' id='word_1_22' title='bbox 190 370 266 428; x_wconf 91' lang='lat' dir='ltr'>enim</span> <span class='ocrx_word' id='word_1_23' title='bbox 280 365 349 424; x_wconf 90' lang='lat' dir='ltr'>dicit</span> <span class='ocrx_word' id='word_1_24' title='bbox 360 367 439 434; x_wconf 74' lang='grc' dir='ltr'><strong><em>βιιεῖι,</em></strong></span> <span class='ocrx_word' id='word_1_25' title='bbox 456 365 531 443; x_wconf 89' lang='lat' dir='ltr'>quod</span> <span class='ocrx_word' id='word_1_26' title='bbox 545 364 737 439; x_wconf 78' lang='lat' dir='ltr'>Aristophanes</span> <span class='ocrx_word' id='word_1_27' title='bbox 759 362 874 432; x_wconf 79' lang='lat' dir='ltr'>dixisset,</span> <span class='ocrx_word' id='word_1_28' title='bbox 895 379 944 419; x_wconf 88' lang='lat' dir='ltr'>nec</span> <span class='ocrx_word' id='word_1_29' title='bbox 963 381 1024 438; x_wconf 83' lang='lat' dir='ltr'>quae</span> <span class='ocrx_word' id='word_1_30' title='bbox 1048 363 1074 418; x_wconf 90' lang='lat' dir='ltr'>in</span> <span class='ocrx_word' id='word_1_31' title='bbox 1098 382 1142 418; x_wconf 88' lang='lat' dir='ltr'>re-</span> 
     </span>
    </p>
   </div>
   <div class='ocr_carea' id='block_1_3' title="bbox 105 439 1150 520">
    <p class='ocr_par' dir='ltr' id='par_1_3' title="bbox 105 439 1150 520">
     <span class='ocr_line' id='line_1_5' title="bbox 105 439 1150 520; baseline -0.007 -15"><span class='ocrx_word' id='word_1_32' title='bbox 105 447 157 505; x_wconf 87' lang='lat' dir='ltr'>tali</span> <span class='ocrx_word' id='word_1_33' title='bbox 171 447 281 505; x_wconf 68' lang='lat' dir='ltr'>Plautus</span> <span class='ocrx_word' id='word_1_34' title='bbox 304 441 431 519; x_wconf 85' lang='lat' dir='ltr'>usurpare</span> <span class='ocrx_word' id='word_1_35' title='bbox 450 441 527 512; x_wconf 90' lang='lat' dir='ltr'>solet,</span> <span class='ocrx_word' id='word_1_36' title='bbox 547 445 595 520; x_wconf 89' lang='lat' dir='ltr'>qui</span> <span class='ocrx_word' id='word_1_37' title='bbox 618 459 667 500; x_wconf 88' lang='lat' dir='ltr'>nec</span> <span class='ocrx_word' id='word_1_38' title='bbox 689 441 800 499; x_wconf 87' lang='lat' dir='ltr'>honeste</span> <span class='ocrx_word' id='word_1_39' title='bbox 819 458 853 498; x_wconf 88' lang='lat' dir='ltr'>ea</span> <span class='ocrx_word' id='word_1_40' title='bbox 876 439 953 510; x_wconf 85' lang='lat' dir='ltr'>dicit,</span> <span class='ocrx_word' id='word_1_41' title='bbox 974 445 998 495; x_wconf 79' lang='lat' dir='ltr'>dc</span> <span class='ocrx_word' id='word_1_42' title='bbox 1017 439 1150 498; x_wconf 87' lang='lat' dir='ltr'>obscoene·</span> 
     </span>
    </p>
   </div>
   <div class='ocr_carea' id='block_1_4' title="bbox 103 518 825 602">
    <p class='ocr_par' dir='ltr' id='par_1_4' title="bbox 103 518 825 602">
     <span class='ocr_line' id='line_1_6' title="bbox 103 518 825 602; baseline -0.011 -18"><span class='ocrx_word' id='word_1_43' title='bbox 103 523 340 602; x_wconf 84' lang='lat' dir='ltr'>circumloqoitur.</span> <span class='ocrx_word' id='word_1_44' title='bbox 382 518 459 577; x_wconf 89' lang='lat' dir='ltr'>Nam</span> <span class='ocrx_word' id='word_1_45' title='bbox 470 520 561 598; x_wconf 88' lang='lat' dir='ltr'>qualia</span> <span class='ocrx_word' id='word_1_46' title='bbox 573 521 634 580; x_wconf 91' lang='lat' dir='ltr'>sunt</span> <span class='ocrx_word' id='word_1_47' title='bbox 651 521 697 577; x_wconf 86' lang='lat' dir='ltr'>illa</span> <span class='ocrx_word' id='word_1_48' title='bbox 710 519 825 576; x_wconf 86' lang='lat' dir='ltr'>Casinas</span> 
     </span>
    </p>
   </div>
   <div class='ocr_carea' id='block_1_5' title="bbox 1224 95 1317 171">
    <p class='ocr_par' dir='ltr' id='par_1_5' title="bbox 1224 95 1317 171">
     <span class='ocr_line' id='line_1_7' title="bbox 1224 95 1317 171; baseline 0.032 -18"><span class='ocrx_word' id='word_1_49' title='bbox 1224 95 1317 171; x_wconf 59' lang='lat' dir='ltr'>cxxc·</span> 
     </span>
    </p>
   </div>
   <div class='ocr_carea' id='block_1_6' title="bbox 187 593 1264 676">
    <p class='ocr_par' dir='ltr' id='par_1_6' title="bbox 187 593 1264 676">
     <span class='ocr_line' id='line_1_8' title="bbox 187 593 1264 676; baseline -0.04 17"><span class='ocrx_word' id='word_1_50' title='bbox 187 605 217 662; x_wconf 90' lang='lat'>⁰</span> <span class='ocrx_word' id='word_1_51' title='bbox 230 603 265 661; x_wconf 69' lang='lat' dir='ltr'>L·</span> <span class='ocrx_word' id='word_1_52' title='bbox 285 599 339 658; x_wconf 65' lang='lat' dir='ltr'>Ubi</span> <span class='ocrx_word' id='word_1_53' title='bbox 352 597 628 675; x_wconf 57' lang='lat' dir='ltr'>tonstrinarum</span> <span class='ocrx_word' id='word_1_54' title='bbox 647 601 689 671; x_wconf 74' lang='lat' dir='ltr'>est,</span> <span class='ocrx_word' id='word_1_55' title='bbox 710 599 925 674; x_wconf 68' lang='lat' dir='ltr'>continuarum</span> <span class='ocrx_word' id='word_1_56' title='bbox 935 597 1038 676; x_wconf 72' lang='lat' dir='ltr'>gracco,</span> <span class='ocrx_word' id='word_1_57' title='bbox 1058 593 1149 658; x_wconf 71' lang='lat' dir='ltr'>arara·</span> <span class='ocrx_word' id='word_1_58' title='bbox 1260 649 1264 670; x_wconf 72' lang='grc'>,</span> 
     </span>
    </p>
   </div>
   <div class='ocr_carea' id='block_1_7' title="bbox 273 675 811 756">
    <p class='ocr_par' dir='ltr' id='par_1_7' title="bbox 273 675 811 756">
     <span class='ocr_line' id='line_1_9' title="bbox 273 675 811 756; baseline -0.004 -20"><span class='ocrx_word' id='word_1_59' title='bbox 273 684 374 756; x_wconf 72' lang='lat' dir='ltr'>papa!</span> <span class='ocrx_word' id='word_1_60' title='bbox 388 683 489 754; x_wconf 73' lang='lat' dir='ltr'>papa!</span> <span class='ocrx_word' id='word_1_61' title='bbox 510 675 536 734; x_wconf 86' lang='lat' dir='ltr'>C</span> <span class='ocrx_word' id='word_1_62' title='bbox 548 678 581 736; x_wconf 93' lang='lat' dir='ltr'>L.</span> <span class='ocrx_word' id='word_1_63' title='bbox 598 681 662 756; x_wconf 80' lang='lat' dir='ltr'>quid</span> <span class='ocrx_word' id='word_1_64' title='bbox 671 679 811 753; x_wconf 79' lang='lat' dir='ltr'>idpapae?</span> 
     </span>
    </p>
   </div>
   <div class='ocr_carea' id='block_1_8' title="bbox 184 751 1173 832">
    <p class='ocr_par' dir='ltr' id='par_1_8' title="bbox 184 751 1173 832">
     <span class='ocr_line' id='line_1_10' title="bbox 184 751 1173 832; baseline -0.009 -13"><span class='ocrx_word' id='word_1_65' title='bbox 184 763 216 819; x_wconf 93' lang='grc' dir='ltr'>Ο</span> <span class='ocrx_word' id='word_1_66' title='bbox 228 759 261 819; x_wconf 89' lang='lat' dir='ltr'>L.</span> <span class='ocrx_word' id='word_1_67' title='bbox 286 757 428 832; x_wconf 67' lang='lat' dir='ltr'>flagitium</span> <span class='ocrx_word' id='word_1_68' title='bbox 450 754 483 812; x_wconf 78' lang='lat' dir='ltr'>ob</span> <span class='ocrx_word' id='word_1_69' title='bbox 502 761 725 825; x_wconf 81' lang='lat' dir='ltr'>cratmuximam,</span> <span class='ocrx_word' id='word_1_70' title='bbox 741 754 859 832; x_wconf 75' lang='lat' dir='ltr'><em>gladium</em></span> <span class='ocrx_word' id='word_1_71' title='bbox 878 777 910 813; x_wconf 83' lang='lat' dir='ltr'>ne</span> <span class='ocrx_word' id='word_1_72' title='bbox 921 751 1147 814; x_wconf 78' lang='lat' dir='ltr'>baberetmcluis&#39;</span> <span class='ocrx_word' id='word_1_73' title='bbox 1171 779 1173 790; x_wconf 56' lang='lat'>¹</span> 
     </span>
    </p>
   </div>
   <div class='ocr_carea' id='block_1_9' title="bbox 103 838 1144 2477">
    <p class='ocr_par' dir='ltr' id='par_1_9' title="bbox 103 838 1144 2477">
     <span class='ocr_line' id='line_1_11' title="bbox 263 838 538 912; baseline -0.015 -17"><span class='ocrx_word' id='word_1_74' title='bbox 263 841 293 895; x_wconf 81' lang='lat' dir='ltr'>ici</span> <span class='ocrx_word' id='word_1_75' title='bbox 303 856 421 912; x_wconf 82' lang='lat' dir='ltr'>quaerere</span> <span class='ocrx_word' id='word_1_76' title='bbox 434 838 538 910; x_wconf 74' lang='lat' dir='ltr'>occupi.</span> 
     </span>
     <span class='ocr_line' id='line_1_12' title="bbox 188 911 910 992; baseline 0 -23"><span class='ocrx_word' id='word_1_77' title='bbox 188 916 260 975; x_wconf 74' lang='lat' dir='ltr'>Dum</span> <span class='ocrx_word' id='word_1_78' title='bbox 268 915 385 992; x_wconf 79' lang='lat' dir='ltr'>glaaiam</span> <span class='ocrx_word' id='word_1_79' title='bbox 398 934 428 970; x_wconf 83' lang='lat' dir='ltr'>nc</span> <span class='ocrx_word' id='word_1_80' title='bbox 440 911 538 969; x_wconf 78' lang='lat' dir='ltr'>habeat</span> <span class='ocrx_word' id='word_1_81' title='bbox 550 933 649 987; x_wconf 77' lang='lat' dir='ltr'>quaero,</span> <span class='ocrx_word' id='word_1_82' title='bbox 665 913 768 988; x_wconf 66' lang='lat' dir='ltr'>arripio</span> <span class='ocrx_word' id='word_1_83' title='bbox 782 913 910 988; x_wconf 86' lang='lat' dir='ltr'>capulum.</span> 
     </span>
     <span class='ocr_line' id='line_1_13' title="bbox 116 983 1139 1068; baseline -0.006 -14"><span class='ocrx_word' id='word_1_84' title='bbox 116 1056 120 1065; x_wconf 61' lang='grc'><strong>,</strong></span> <span class='ocrx_word' id='word_1_85' title='bbox 144 995 226 1054; x_wconf 87' lang='lat' dir='ltr'>Nam</span> <span class='ocrx_word' id='word_1_86' title='bbox 239 1010 353 1050; x_wconf 83' lang='lat' dir='ltr'>caeterea</span> <span class='ocrx_word' id='word_1_87' title='bbox 366 991 394 1046; x_wconf 90' lang='lat' dir='ltr'>in</span> <span class='ocrx_word' id='word_1_88' title='bbox 407 991 505 1068; x_wconf 80' lang='lat' dir='ltr'>quibus</span> <span class='ocrx_word' id='word_1_89' title='bbox 518 989 598 1066; x_wconf 84' lang='lat' dir='ltr'>plane</span> <span class='ocrx_word' id='word_1_90' title='bbox 611 989 741 1067; x_wconf 88' lang='lat' dir='ltr'>loquitur,</span> <span class='ocrx_word' id='word_1_91' title='bbox 756 983 899 1066; x_wconf 61' lang='lat' dir='ltr'>prasertim</span> <span class='ocrx_word' id='word_1_92' title='bbox 910 1009 971 1048; x_wconf 91' lang='lat' dir='ltr'>cum</span> <span class='ocrx_word' id='word_1_93' title='bbox 982 988 1139 1049; x_wconf 67' lang='lat' dir='ltr'>devenere</span> 
     </span>
     <span class='ocr_line' id='line_1_14' title="bbox 103 1068 1138 1154; baseline -0.004 -25"><span class='ocrx_word' id='word_1_94' title='bbox 103 1072 201 1154; x_wconf 60' lang='lat' dir='ltr'>a’g&#39;g‘rsscp</span> <span class='ocrx_word' id='word_1_95' title='bbox 214 1073 281 1149; x_wconf 85' lang='lat' dir='ltr'>agit,</span> <span class='ocrx_word' id='word_1_96' title='bbox 303 1089 338 1126; x_wconf 89' lang='lat' dir='ltr'>eu</span> <span class='ocrx_word' id='word_1_97' title='bbox 351 1087 426 1138; x_wconf 82' lang='lat' dir='ltr'>vero,</span> <span class='ocrx_word' id='word_1_98' title='bbox 447 1070 482 1126; x_wconf 78' lang='lat' dir='ltr'>n‘e</span> <span class='ocrx_word' id='word_1_99' title='bbox 495 1085 710 1126; x_wconf 87' lang='lat' dir='ltr'>commemorare</span> <span class='ocrx_word' id='word_1_100' title='bbox 723 1069 835 1145; x_wconf 89' lang='lat' dir='ltr'>quidem</span> <span class='ocrx_word' id='word_1_101' title='bbox 849 1069 931 1140; x_wconf 80' lang='lat' dir='ltr'>malo,</span> <span class='ocrx_word' id='word_1_102' title='bbox 952 1068 1032 1125; x_wconf 86' lang='lat' dir='ltr'>Pluto</span> <span class='ocrx_word' id='word_1_103' title='bbox 1044 1085 1138 1127; x_wconf 86' lang='lat' dir='ltr'>aurern</span> 
     </span>
     <span class='ocr_line' id='line_1_15' title="bbox 104 1145 1139 1224; baseline -0.006 -14"><span class='ocrx_word' id='word_1_104' title='bbox 104 1152 172 1210; x_wconf 81' lang='lat' dir='ltr'>sacis</span> <span class='ocrx_word' id='word_1_105' title='bbox 186 1149 238 1209; x_wconf 77' lang='lat' dir='ltr'>esse</span> <span class='ocrx_word' id='word_1_106' title='bbox 251 1147 431 1217; x_wconf 87' lang='lat' dir='ltr'>manifeslum,</span> <span class='ocrx_word' id='word_1_107' title='bbox 452 1146 535 1203; x_wconf 85' lang='lat' dir='ltr'>etiam</span> <span class='ocrx_word' id='word_1_108' title='bbox 557 1165 621 1204; x_wconf 86' lang='lat' dir='ltr'>cum</span> <span class='ocrx_word' id='word_1_109' title='bbox 644 1147 868 1224; x_wconf 88' lang='lat' dir='ltr'>circumloquitur</span> <span class='ocrx_word' id='word_1_110' title='bbox 888 1165 949 1224; x_wconf 79' lang='lat' dir='ltr'>quae</span> <span class='ocrx_word' id='word_1_111' title='bbox 968 1162 1063 1222; x_wconf 87' lang='lat' dir='ltr'>parurn</span> <span class='ocrx_word' id='word_1_112' title='bbox 1079 1145 1139 1204; x_wconf 90' lang='lat' dir='ltr'>sunt</span> 
     </span>
     <span class='ocr_line' id='line_1_16' title="bbox 106 1223 1138 1302; baseline -0.003 -16"><span class='ocrx_word' id='word_1_113' title='bbox 106 1230 231 1299; x_wconf 84' lang='lat' dir='ltr'>honesta,</span> <span class='ocrx_word' id='word_1_114' title='bbox 252 1247 286 1285; x_wconf 91' lang='lat' dir='ltr'>ne</span> <span class='ocrx_word' id='word_1_115' title='bbox 300 1226 411 1282; x_wconf 87' lang='lat' dir='ltr'>honesle</span> <span class='ocrx_word' id='word_1_116' title='bbox 433 1223 546 1302; x_wconf 87' lang='lat' dir='ltr'>quidem</span> <span class='ocrx_word' id='word_1_117' title='bbox 569 1230 595 1284; x_wconf 75' lang='lat' dir='ltr'>dc</span> <span class='ocrx_word' id='word_1_118' title='bbox 612 1240 676 1281; x_wconf 90' lang='lat' dir='ltr'>cum</span> <span class='ocrx_word' id='word_1_119' title='bbox 704 1225 874 1283; x_wconf 82' lang='lat' dir='ltr'>honestarum</span> <span class='ocrx_word' id='word_1_120' title='bbox 897 1225 1002 1282; x_wconf 86' lang='lat' dir='ltr'>aurium</span> <span class='ocrx_word' id='word_1_121' title='bbox 1022 1223 1138 1294; x_wconf 85' lang='lat' dir='ltr'>sasiidi0,</span> 
     </span>
     <span class='ocr_line' id='line_1_17' title="bbox 108 1302 1144 1382; baseline -0.004 -18"><span class='ocrx_word' id='word_1_122' title='bbox 108 1309 139 1364; x_wconf 91' lang='lat' dir='ltr'>id</span> <span class='ocrx_word' id='word_1_123' title='bbox 156 1308 224 1370; x_wconf 83' lang='lat' dir='ltr'>fieri.</span> <span class='ocrx_word' id='word_1_124' title='bbox 264 1303 351 1364; x_wconf 82' lang='lat' dir='ltr'>Vides</span> <span class='ocrx_word' id='word_1_125' title='bbox 364 1321 430 1382; x_wconf 85' lang='lat' dir='ltr'>ergo</span> <span class='ocrx_word' id='word_1_126' title='bbox 444 1303 534 1380; x_wconf 86' lang='lat' dir='ltr'>passim</span> <span class='ocrx_word' id='word_1_127' title='bbox 547 1303 646 1360; x_wconf 83' lang='lat' dir='ltr'>veteris</span> <span class='ocrx_word' id='word_1_128' title='bbox 655 1303 812 1380; x_wconf 73' lang='lat' dir='ltr'>imaginem.</span> <span class='ocrx_word' id='word_1_129' title='bbox 844 1304 947 1372; x_wconf 87' lang='lat' dir='ltr'>Etiam,</span> <span class='ocrx_word' id='word_1_130' title='bbox 962 1302 997 1358; x_wconf 91' lang='lat' dir='ltr'>de</span> <span class='ocrx_word' id='word_1_131' title='bbox 1006 1323 1062 1381; x_wconf 90' lang='lat' dir='ltr'>quo</span> <span class='ocrx_word' id='word_1_132' title='bbox 1073 1317 1144 1360; x_wconf 88' lang='lat' dir='ltr'>mox·</span> 
     </span>
     <span class='ocr_line' id='line_1_18' title="bbox 107 1379 1139 1464; baseline -0.005 -22"><span class='ocrx_word' id='word_1_133' title='bbox 107 1387 195 1464; x_wconf 87' lang='lat' dir='ltr'>paulo</span> <span class='ocrx_word' id='word_1_134' title='bbox 207 1382 439 1463; x_wconf 75' lang='lat' dir='ltr'>poss‚&#39;dicacitate</span> <span class='ocrx_word' id='word_1_135' title='bbox 461 1399 493 1439; x_wconf 86' lang='lat' dir='ltr'>ac</span> <span class='ocrx_word' id='word_1_136' title='bbox 514 1379 713 1439; x_wconf 82' lang='lat' dir='ltr'>maledicentia.</span> <span class='ocrx_word' id='word_1_137' title='bbox 744 1381 825 1460; x_wconf 68' lang='lat' dir='ltr'>‘Quae</span> <span class='ocrx_word' id='word_1_138' title='bbox 842 1381 959 1454; x_wconf 71' lang='lat' dir='ltr'>Athenis</span> <span class='ocrx_word' id='word_1_139' title='bbox 982 1383 1081 1458; x_wconf 89' lang='lat' dir='ltr'>partim</span> <span class='ocrx_word' id='word_1_140' title='bbox 1099 1382 1139 1438; x_wconf 89' lang='lat' dir='ltr'>le-</span> 
     </span>
     <span class='ocr_line' id='line_1_19' title="bbox 108 1458 1139 1541; baseline -0.005 -20"><span class='ocrx_word' id='word_1_141' title='bbox 108 1483 168 1541; x_wconf 74' lang='lat' dir='ltr'>ges,</span> <span class='ocrx_word' id='word_1_142' title='bbox 188 1463 288 1541; x_wconf 86' lang='lat' dir='ltr'>partim</span> <span class='ocrx_word' id='word_1_143' title='bbox 302 1476 400 1530; x_wconf 77' lang='lat' dir='ltr'>metue,</span> <span class='ocrx_word' id='word_1_144' title='bbox 421 1459 520 1536; x_wconf 87' lang='lat' dir='ltr'>partim</span> <span class='ocrx_word' id='word_1_145' title='bbox 535 1459 591 1536; x_wconf 90' lang='lat' dir='ltr'>ipsa</span> <span class='ocrx_word' id='word_1_146' title='bbox 605 1458 763 1517; x_wconf 76' lang='lat' dir='ltr'>emendavit</span> <span class='ocrx_word' id='word_1_147' title='bbox 778 1460 867 1518; x_wconf 84' lang='lat' dir='ltr'>ratio:</span> <span class='ocrx_word' id='word_1_148' title='bbox 889 1479 951 1517; x_wconf 89' lang='lat' dir='ltr'>cum</span> <span class='ocrx_word' id='word_1_149' title='bbox 972 1473 1063 1517; x_wconf 88' lang='lat' dir='ltr'>tamen</span> <span class='ocrx_word' id='word_1_150' title='bbox 1082 1459 1139 1516; x_wconf 78' lang='lat' dir='ltr'>sola</span> 
     </span>
     <span class='ocr_line' id='line_1_20' title="bbox 110 1537 1138 1614; baseline -0.007 -14"><span class='ocrx_word' id='word_1_151' title='bbox 110 1541 193 1600; x_wconf 88' lang='lat' dir='ltr'>risum</span> <span class='ocrx_word' id='word_1_152' title='bbox 207 1540 350 1600; x_wconf 84' lang='lat' dir='ltr'>selicisiime</span> <span class='ocrx_word' id='word_1_153' title='bbox 363 1552 512 1597; x_wconf 75' lang='lat' dir='ltr'>moverent,</span> <span class='ocrx_word' id='word_1_154' title='bbox 553 1537 644 1597; x_wconf 80' lang='lat' dir='ltr'>Novae</span> <span class='ocrx_word' id='word_1_155' title='bbox 664 1550 756 1595; x_wconf 86' lang='lat' dir='ltr'>autem</span> <span class='ocrx_word' id='word_1_156' title='bbox 772 1557 819 1596; x_wconf 88' lang='lat' dir='ltr'>rex</span> <span class='ocrx_word' id='word_1_157' title='bbox 833 1537 1007 1614; x_wconf 80' lang='lat' dir='ltr'>princepsque</span> <span class='ocrx_word' id='word_1_158' title='bbox 1021 1539 1138 1595; x_wconf 84' lang='lat' dir='ltr'>Menan-</span> 
     </span>
     <span class='ocr_line' id='line_1_21' title="bbox 108 1613 1138 1694; baseline -0.004 -18"><span class='ocrx_word' id='word_1_159' title='bbox 108 1618 162 1678; x_wconf 85' lang='lat' dir='ltr'>der</span> <span class='ocrx_word' id='word_1_160' title='bbox 173 1619 246 1678; x_wconf 87' lang='lat' dir='ltr'>suit:</span> <span class='ocrx_word' id='word_1_161' title='bbox 266 1615 345 1692; x_wconf 73' lang='lat' dir='ltr'>cujus&#39;</span> <span class='ocrx_word' id='word_1_162' title='bbox 353 1617 473 1694; x_wconf 85' lang='lat' dir='ltr'>expressa</span> <span class='ocrx_word' id='word_1_163' title='bbox 497 1616 590 1692; x_wconf 81' lang='lat' dir='ltr'>imago</span> <span class='ocrx_word' id='word_1_164' title='bbox 603 1633 636 1674; x_wconf 89' lang='lat' dir='ltr'>ac</span> <span class='ocrx_word' id='word_1_165' title='bbox 649 1615 750 1694; x_wconf 83' lang='lat' dir='ltr'>effigies</span> <span class='ocrx_word' id='word_1_166' title='bbox 765 1613 921 1674; x_wconf 76' lang='lat' dir='ltr'>Terentius.</span> <span class='ocrx_word' id='word_1_167' title='bbox 961 1617 1051 1692; x_wconf 72' lang='lat' dir='ltr'>Quem</span> <span class='ocrx_word' id='word_1_168' title='bbox 1075 1635 1138 1673; x_wconf 85' lang='lat' dir='ltr'>tum</span> 
     </span>
     <span class='ocr_line' id='line_1_22' title="bbox 109 1693 1139 1774; baseline -0.004 -18"><span class='ocrx_word' id='word_1_169' title='bbox 109 1715 226 1774; x_wconf 85' lang='lat' dir='ltr'>uterque</span> <span class='ocrx_word' id='word_1_170' title='bbox 253 1695 404 1772; x_wconf 81' lang='lat' dir='ltr'>accepisiet‚</span> <span class='ocrx_word' id='word_1_171' title='bbox 438 1693 623 1771; x_wconf 70' lang='lat' dir='ltr'>Aristophanis</span> <span class='ocrx_word' id='word_1_172' title='bbox 649 1695 763 1751; x_wconf 78' lang='lat' dir='ltr'>virtutes</span> <span class='ocrx_word' id='word_1_173' title='bbox 786 1694 837 1752; x_wconf 85' lang='lat' dir='ltr'>hac</span> <span class='ocrx_word' id='word_1_174' title='bbox 863 1693 989 1752; x_wconf 85' lang='lat' dir='ltr'>mercede</span> <span class='ocrx_word' id='word_1_175' title='bbox 1016 1693 1139 1771; x_wconf 78' lang='lat' dir='ltr'>expressit</span> 
     </span>
     <span class='ocr_line' id='line_1_23' title="bbox 108 1770 1138 1850; baseline -0.003 -17"><span class='ocrx_word' id='word_1_176' title='bbox 108 1777 231 1845; x_wconf 81' lang='lat' dir='ltr'>Plautus,</span> <span class='ocrx_word' id='word_1_177' title='bbox 259 1791 288 1833; x_wconf 88' lang='lat' dir='ltr'>ut</span> <span class='ocrx_word' id='word_1_178' title='bbox 301 1793 352 1831; x_wconf 87' lang='lat' dir='ltr'>nee</span> <span class='ocrx_word' id='word_1_179' title='bbox 372 1791 464 1832; x_wconf 73' lang='lat' dir='ltr'>omnen</span> <span class='ocrx_word' id='word_1_180' title='bbox 490 1772 575 1848; x_wconf 77' lang='lat' dir='ltr'>posset</span> <span class='ocrx_word' id='word_1_181' title='bbox 596 1770 682 1850; x_wconf 84' lang='lat' dir='ltr'>(quod</span> <span class='ocrx_word' id='word_1_182' title='bbox 705 1775 730 1830; x_wconf 74' lang='lat' dir='ltr'>dc</span> <span class='ocrx_word' id='word_1_183' title='bbox 750 1772 851 1850; x_wconf 81' lang='lat' dir='ltr'>linguae</span> <span class='ocrx_word' id='word_1_184' title='bbox 870 1772 1016 1842; x_wconf 75' lang='lat' dir='ltr'>diversitas,</span> <span class='ocrx_word' id='word_1_185' title='bbox 1038 1773 1138 1830; x_wconf 82' lang='lat' dir='ltr'>&amp;Ro-</span> 
     </span>
     <span class='ocr_line' id='line_1_24' title="bbox 110 1851 1135 1930; baseline -0.006 -18"><span class='ocrx_word' id='word_1_186' title='bbox 110 1873 255 1913; x_wconf 89' lang='lat' dir='ltr'>manorum</span> <span class='ocrx_word' id='word_1_187' title='bbox 279 1853 362 1930; x_wconf 80' lang='lat' dir='ltr'>leget,</span> <span class='ocrx_word' id='word_1_188' title='bbox 382 1857 407 1908; x_wconf 74' lang='lat' dir='ltr'>ic</span> <span class='ocrx_word' id='word_1_189' title='bbox 429 1867 564 1927; x_wconf 90' lang='lat' dir='ltr'>tempora,</span> <span class='ocrx_word' id='word_1_190' title='bbox 583 1870 616 1908; x_wconf 91' lang='lat' dir='ltr'>ac</span> <span class='ocrx_word' id='word_1_191' title='bbox 638 1869 727 1908; x_wconf 87' lang='lat' dir='ltr'>rerum</span> <span class='ocrx_word' id='word_1_192' title='bbox 750 1851 917 1927; x_wconf 88' lang='lat' dir='ltr'>publicarum</span> <span class='ocrx_word' id='word_1_193' title='bbox 930 1851 1001 1909; x_wconf 85' lang='lat' dir='ltr'>ratio</span> <span class='ocrx_word' id='word_1_194' title='bbox 1014 1851 1135 1920; x_wconf 83' lang='lat' dir='ltr'>vetabat,</span> 
     </span>
     <span class='ocr_line' id='line_1_25' title="bbox 109 1928 1136 2006; baseline -0.003 -17"><span class='ocrx_word' id='word_1_195' title='bbox 109 1932 215 1991; x_wconf 80' lang='lat' dir='ltr'>sublata</span> <span class='ocrx_word' id='word_1_196' title='bbox 229 1930 288 2006; x_wconf 85' lang='lat' dir='ltr'>jam</span> <span class='ocrx_word' id='word_1_197' title='bbox 303 1928 481 1987; x_wconf 89' lang='lat' dir='ltr'>maledicendi</span> <span class='ocrx_word' id='word_1_198' title='bbox 494 1929 629 1996; x_wconf 87' lang='lat' dir='ltr'>libertate,</span> <span class='ocrx_word' id='word_1_199' title='bbox 650 1947 711 2006; x_wconf 86' lang='lat' dir='ltr'>quae</span> <span class='ocrx_word' id='word_1_200' title='bbox 726 1931 869 2005; x_wconf 72' lang='lat' dir='ltr'>praecipua,</span> <span class='ocrx_word' id='word_1_201' title='bbox 890 1929 964 2006; x_wconf 92' lang='lat' dir='ltr'>quod</span> <span class='ocrx_word' id='word_1_202' title='bbox 986 1947 1068 1986; x_wconf 87' lang='lat' dir='ltr'>nemo</span> <span class='ocrx_word' id='word_1_203' title='bbox 1090 1946 1136 1986; x_wconf 82' lang='lat' dir='ltr'>ne·</span> 
     </span>
     <span class='ocr_line' id='line_1_26' title="bbox 109 2000 1136 2086; baseline -0.006 -18"><span class='ocrx_word' id='word_1_204' title='bbox 109 2010 171 2080; x_wconf 90' lang='lat' dir='ltr'>scit,</span> <span class='ocrx_word' id='word_1_205' title='bbox 191 2009 225 2069; x_wconf 79' lang='lat' dir='ltr'>ni</span> <span class='ocrx_word' id='word_1_206' title='bbox 245 2000 470 2084; x_wconf 61' lang='lat' dir='ltr'>yrmiu&#39;parrest)</span> <span class='ocrx_word' id='word_1_207' title='bbox 494 2011 705 2085; x_wconf 78' lang='lat' dir='ltr'>&amp;quaecunque</span> <span class='ocrx_word' id='word_1_208' title='bbox 728 2009 755 2064; x_wconf 88' lang='lat' dir='ltr'>in</span> <span class='ocrx_word' id='word_1_209' title='bbox 778 2008 955 2086; x_wconf 80' lang='lat' dir='ltr'>Aristophane</span> <span class='ocrx_word' id='word_1_210' title='bbox 978 2007 1136 2065; x_wconf 72' lang='lat' dir='ltr'>Plutarchus</span> 
     </span>
     <span class='ocr_line' id='line_1_27' title="bbox 109 2085 1131 2164; baseline -0.004 -18"><span class='ocrx_word' id='word_1_211' title='bbox 109 2085 127 2146; x_wconf 80' lang='lat' dir='ltr'>ai</span> <span class='ocrx_word' id='word_1_212' title='bbox 154 2089 293 2146; x_wconf 91' lang='lat' dir='ltr'>communi</span> <span class='ocrx_word' id='word_1_213' title='bbox 316 2085 507 2144; x_wconf 89' lang='lat' dir='ltr'>consuetudine</span> <span class='ocrx_word' id='word_1_214' title='bbox 532 2085 662 2164; x_wconf 90' lang='lat' dir='ltr'>loquendi</span> <span class='ocrx_word' id='word_1_215' title='bbox 694 2085 841 2143; x_wconf 87' lang='lat' dir='ltr'>abhorrere</span> <span class='ocrx_word' id='word_1_216' title='bbox 874 2100 961 2154; x_wconf 86' lang='lat' dir='ltr'>notat,</span> <span class='ocrx_word' id='word_1_217' title='bbox 993 2085 1131 2143; x_wconf 88' lang='lat' dir='ltr'>retineret.</span> 
     </span>
     <span class='ocr_line' id='line_1_28' title="bbox 109 2157 1134 2246; baseline -0.002 -22"><span class='ocrx_word' id='word_1_218' title='bbox 109 2167 189 2225; x_wconf 76' lang='lat' dir='ltr'>Nam</span> <span class='ocrx_word' id='word_1_219' title='bbox 197 2170 222 2222; x_wconf 79' lang='lat' dir='ltr'>dl</span> <span class='ocrx_word' id='word_1_220' title='bbox 230 2167 302 2226; x_wconf 70' lang='lat' dir='ltr'>mcci</span> <span class='ocrx_word' id='word_1_221' title='bbox 310 2167 348 2223; x_wconf 78' lang='lat' dir='ltr'>‘tir</span> <span class='ocrx_word' id='word_1_222' title='bbox 356 2166 463 2230; x_wconf 65' lang='grc' dir='ltr'>λα’]ικὸν,</span> <span class='ocrx_word' id='word_1_223' title='bbox 479 2177 509 2221; x_wconf 84' lang='lat' dir='ltr'>ut</span> <span class='ocrx_word' id='word_1_224' title='bbox 518 2165 612 2223; x_wconf 76' lang='lat' dir='ltr'>cretici</span> <span class='ocrx_word' id='word_1_225' title='bbox 621 2165 776 2242; x_wconf 80' lang='lat' dir='ltr'>loquuntur,</span> <span class='ocrx_word' id='word_1_226' title='bbox 791 2167 815 2243; x_wconf 58' lang='grc'>19</span> <span class='ocrx_word' id='word_1_227' title='bbox 825 2165 864 2224; x_wconf 75' lang='lat' dir='ltr'>‘rir</span> <span class='ocrx_word' id='word_1_228' title='bbox 875 2163 917 2230; x_wconf 64' lang='lat' dir='ltr'>‘trit</span> <span class='ocrx_word' id='word_1_229' title='bbox 927 2163 1029 2230; x_wconf 74' lang='lat' dir='ltr'>diarriae</span> <span class='ocrx_word' id='word_1_230' title='bbox 1042 2157 1134 2246; x_wconf 56' lang='lat' dir='ltr'>apertur,</span> 
     </span>
     <span class='ocr_line' id='line_1_29' title="bbox 107 2240 1136 2322; baseline -0.003 -18"><span class='ocrx_word' id='word_1_231' title='bbox 107 2245 240 2322; x_wconf 67' lang='lat' dir='ltr'>Supemie</span> <span class='ocrx_word' id='word_1_232' title='bbox 252 2246 297 2313; x_wconf 83' lang='lat' dir='ltr'>esi,</span> <span class='ocrx_word' id='word_1_233' title='bbox 312 2247 338 2300; x_wconf 78' lang='lat' dir='ltr'>dc</span> <span class='ocrx_word' id='word_1_234' title='bbox 353 2244 502 2308; x_wconf 83' lang='lat' dir='ltr'>theatralis,</span> <span class='ocrx_word' id='word_1_235' title='bbox 516 2261 569 2302; x_wconf 83' lang='lat' dir='ltr'>non</span> <span class='ocrx_word' id='word_1_236' title='bbox 582 2246 714 2312; x_wconf 72' lang='grc' dir='ltr'>πολιτικὲς,</span> <span class='ocrx_word' id='word_1_237' title='bbox 735 2247 822 2320; x_wconf 77' lang='lat' dir='ltr'>neqfie</span> <span class='ocrx_word' id='word_1_238' title='bbox 839 2243 872 2322; x_wconf 67' lang='grc' dir='ltr'>τῇ</span> <span class='ocrx_word' id='word_1_239' title='bbox 885 2240 956 2302; x_wconf 68' lang='lat' dir='ltr'>zarai</span> <span class='ocrx_word' id='word_1_240' title='bbox 969 2241 1009 2305; x_wconf 71' lang='lat' dir='ltr'>cii</span> <span class='ocrx_word' id='word_1_241' title='bbox 1019 2242 1136 2307; x_wconf 67' lang='lat' dir='ltr'>ainriScrer</span> 
     </span>
     <span class='ocr_line' id='line_1_30' title="bbox 109 2319 1134 2403; baseline -0.005 -21"><span class='ocrx_word' id='word_1_242' title='bbox 109 2323 167 2403; x_wconf 66' lang='grc' dir='ltr'>ἰδέᾳ</span> <span class='ocrx_word' id='word_1_243' title='bbox 178 2324 313 2403; x_wconf 66' lang='grc' dir='ltr'>διαπρέπει·</span> <span class='ocrx_word' id='word_1_244' title='bbox 331 2319 420 2399; x_wconf 84' lang='lat' dir='ltr'>ne&#39;que</span> <span class='ocrx_word' id='word_1_245' title='bbox 434 2322 561 2397; x_wconf 79' lang='lat' dir='ltr'>pauciora</span> <span class='ocrx_word' id='word_1_246' title='bbox 574 2320 700 2378; x_wconf 87' lang='lat' dir='ltr'>addidit:</span> <span class='ocrx_word' id='word_1_247' title='bbox 722 2321 749 2377; x_wconf 90' lang='lat' dir='ltr'>in</span> <span class='ocrx_word' id='word_1_248' title='bbox 764 2319 859 2399; x_wconf 84' lang='lat' dir='ltr'>quibus</span> <span class='ocrx_word' id='word_1_249' title='bbox 873 2319 938 2376; x_wconf 92' lang='lat' dir='ltr'>dum</span> <span class='ocrx_word' id='word_1_250' title='bbox 953 2322 1078 2378; x_wconf 85' lang='lat' dir='ltr'>ridiculus</span> <span class='ocrx_word' id='word_1_251' title='bbox 1092 2325 1134 2377; x_wconf 87' lang='lat' dir='ltr'>vi-</span> 
     </span>
     <span class='ocr_line' id='line_1_31' title="bbox 109 2398 1138 2477; baseline -0.002 -18"><span class='ocrx_word' id='word_1_252' title='bbox 109 2403 170 2459; x_wconf 85' lang='lat' dir='ltr'>deri</span> <span class='ocrx_word' id='word_1_253' title='bbox 186 2402 256 2470; x_wconf 81' lang='lat' dir='ltr'>vuit,</span> <span class='ocrx_word' id='word_1_254' title='bbox 277 2399 388 2477; x_wconf 81' lang='lat' dir='ltr'>frigidus</span> <span class='ocrx_word' id='word_1_255' title='bbox 412 2418 444 2458; x_wconf 92' lang='lat' dir='ltr'>ac</span> <span class='ocrx_word' id='word_1_256' title='bbox 466 2400 633 2458; x_wconf 82' lang='lat' dir='ltr'>odiosusfir:</span> <span class='ocrx_word' id='word_1_257' title='bbox 654 2400 728 2477; x_wconf 92' lang='lat' dir='ltr'>quod</span> <span class='ocrx_word' id='word_1_258' title='bbox 743 2418 796 2457; x_wconf 91' lang='lat' dir='ltr'>non</span> <span class='ocrx_word' id='word_1_259' title='bbox 817 2400 945 2469; x_wconf 84' lang='lat' dir='ltr'>nosirum,</span> <span class='ocrx_word' id='word_1_260' title='bbox 965 2398 1010 2457; x_wconf 88' lang='lat' dir='ltr'>sed</span> <span class='ocrx_word' id='word_1_261' title='bbox 1025 2402 1138 2458; x_wconf 84' lang='lat' dir='ltr'>Horatii</span> 
     </span>
    </p>
   </div>
   <div class='ocr_carea' id='block_1_10' title="bbox 108 2554 1142 4200">
    <p class='ocr_par' dir='ltr' id='par_1_10' title="bbox 108 2554 1142 3963">
     <span class='ocr_line' id='line_1_32' title="bbox 109 2554 1137 2633; baseline -0.003 -17"><span class='ocrx_word' id='word_1_262' title='bbox 109 2559 269 2617; x_wconf 85' lang='lat' dir='ltr'>criticorum</span> <span class='ocrx_word' id='word_1_263' title='bbox 284 2557 384 2633; x_wconf 76' lang='lat' dir='ltr'>primos</span> <span class='ocrx_word' id='word_1_264' title='bbox 404 2556 450 2614; x_wconf 92' lang='lat' dir='ltr'>suo</span> <span class='ocrx_word' id='word_1_265' title='bbox 473 2571 596 2633; x_wconf 88' lang='lat' dir='ltr'>tempore</span> <span class='ocrx_word' id='word_1_266' title='bbox 609 2556 684 2615; x_wconf 82' lang='lat' dir='ltr'>fuisse</span> <span class='ocrx_word' id='word_1_267' title='bbox 707 2556 818 2615; x_wconf 81' lang='lat' dir='ltr'>conflat.</span> <span class='ocrx_word' id='word_1_268' title='bbox 861 2554 951 2614; x_wconf 83' lang='lat' dir='ltr'>Sed&amp;</span> <span class='ocrx_word' id='word_1_269' title='bbox 967 2558 992 2611; x_wconf 90' lang='lat' dir='ltr'>in</span> <span class='ocrx_word' id='word_1_270' title='bbox 1006 2556 1137 2627; x_wconf 68' lang='lat' dir='ltr'>dicteriis,</span> 
     </span>
     <span class='ocr_line' id='line_1_33' title="bbox 109 2632 1140 2713; baseline 0.001 -21"><span class='ocrx_word' id='word_1_271' title='bbox 109 2636 148 2692; x_wconf 91' lang='lat' dir='ltr'>de</span> <span class='ocrx_word' id='word_1_272' title='bbox 163 2654 219 2713; x_wconf 91' lang='lat' dir='ltr'>quo</span> <span class='ocrx_word' id='word_1_273' title='bbox 235 2632 293 2709; x_wconf 90' lang='lat' dir='ltr'>jam</span> <span class='ocrx_word' id='word_1_274' title='bbox 307 2634 474 2704; x_wconf 81' lang='lat' dir='ltr'>dicebamur,</span> <span class='ocrx_word' id='word_1_275' title='bbox 494 2636 534 2693; x_wconf 83' lang='lat' dir='ltr'>ita</span> <span class='ocrx_word' id='word_1_276' title='bbox 548 2635 661 2693; x_wconf 85' lang='lat' dir='ltr'>veterim</span> <span class='ocrx_word' id='word_1_277' title='bbox 675 2633 839 2691; x_wconf 86' lang='lat' dir='ltr'>comoediam</span> <span class='ocrx_word' id='word_1_278' title='bbox 855 2634 956 2691; x_wconf 83' lang='lat' dir='ltr'>amavit</span> <span class='ocrx_word' id='word_1_279' title='bbox 970 2634 1087 2703; x_wconf 81' lang='lat' dir='ltr'>Plautus,</span> <span class='ocrx_word' id='word_1_280' title='bbox 1109 2651 1140 2693; x_wconf 89' lang='lat' dir='ltr'>ut</span> 
     </span>
     <span class='ocr_line' id='line_1_34' title="bbox 109 2711 1140 2792; baseline -0.004 -20"><span class='ocrx_word' id='word_1_281' title='bbox 109 2714 148 2772; x_wconf 89' lang='lat' dir='ltr'>ad</span> <span class='ocrx_word' id='word_1_282' title='bbox 164 2733 225 2771; x_wconf 82' lang='lat' dir='ltr'>eam</span> <span class='ocrx_word' id='word_1_283' title='bbox 239 2713 307 2789; x_wconf 88' lang='lat' dir='ltr'>saepe</span> <span class='ocrx_word' id='word_1_284' title='bbox 320 2712 419 2785; x_wconf 74' lang='lat' dir='ltr'>fletiat,</span> <span class='ocrx_word' id='word_1_285' title='bbox 441 2716 474 2784; x_wconf 81' lang='grc' dir='ltr'>δι,</span> <span class='ocrx_word' id='word_1_286' title='bbox 495 2714 569 2792; x_wconf 88' lang='lat' dir='ltr'>quod</span> <span class='ocrx_word' id='word_1_287' title='bbox 593 2713 733 2790; x_wconf 89' lang='lat' dir='ltr'>proprium</span> <span class='ocrx_word' id='word_1_288' title='bbox 754 2714 781 2771; x_wconf 91' lang='lat' dir='ltr'>in</span> <span class='ocrx_word' id='word_1_289' title='bbox 803 2714 849 2770; x_wconf 88' lang='lat' dir='ltr'>illa</span> <span class='ocrx_word' id='word_1_290' title='bbox 864 2726 932 2781; x_wconf 85' lang='lat' dir='ltr'>erat,</span> <span class='ocrx_word' id='word_1_291' title='bbox 954 2711 1094 2788; x_wconf 70' lang='grc' dir='ltr'>ίτεωνόμως,</span> <span class='ocrx_word' id='word_1_292' title='bbox 1116 2718 1140 2768; x_wconf 72' lang='grc' dir='ltr'>δι</span> 
     </span>
     <span class='ocr_line' id='line_1_35' title="bbox 110 2788 1138 2871; baseline -0.002 -20"><span class='ocrx_word' id='word_1_293' title='bbox 110 2791 238 2871; x_wconf 85' lang='lat' dir='ltr'>expresso</span> <span class='ocrx_word' id='word_1_294' title='bbox 251 2793 371 2861; x_wconf 87' lang='lat' dir='ltr'>nomine,</span> <span class='ocrx_word' id='word_1_295' title='bbox 391 2805 440 2849; x_wconf 87' lang='lat' dir='ltr'>aut</span> <span class='ocrx_word' id='word_1_296' title='bbox 452 2788 705 2861; x_wconf 86' lang='lat' dir='ltr'>circumscribendo,</span> <span class='ocrx_word' id='word_1_297' title='bbox 726 2809 779 2851; x_wconf 92' lang='lat' dir='ltr'>non</span> <span class='ocrx_word' id='word_1_298' title='bbox 805 2806 862 2851; x_wconf 88' lang='lat' dir='ltr'>tam</span> <span class='ocrx_word' id='word_1_299' title='bbox 884 2792 969 2865; x_wconf 85' lang='lat' dir='ltr'>vitam</span> <span class='ocrx_word' id='word_1_300' title='bbox 985 2792 1138 2859; x_wconf 89' lang='lat' dir='ltr'>hominum,</span> 
     </span>
     <span class='ocr_line' id='line_1_36' title="bbox 108 2868 752 2949; baseline -0.002 -21"><span class='ocrx_word' id='word_1_301' title='bbox 108 2891 197 2949; x_wconf 84' lang='lat' dir='ltr'>qoam</span> <span class='ocrx_word' id='word_1_302' title='bbox 212 2870 362 2937; x_wconf 82' lang='lat' dir='ltr'>hominem,</span> <span class='ocrx_word' id='word_1_303' title='bbox 382 2868 551 2947; x_wconf 79' lang='lat' dir='ltr'>perstringat.</span> <span class='ocrx_word' id='word_1_304' title='bbox 590 2868 634 2928; x_wconf 86' lang='lat' dir='ltr'>Ut</span> <span class='ocrx_word' id='word_1_305' title='bbox 647 2870 674 2925; x_wconf 86' lang='lat' dir='ltr'>in</span> <span class='ocrx_word' id='word_1_306' title='bbox 688 2869 752 2928; x_wconf 88' lang='lat' dir='ltr'>islo:</span> 
     </span>
     <span class='ocr_line' id='line_1_37' title="bbox 192 2944 1077 3025; baseline 0 -20"><span class='ocrx_word' id='word_1_307' title='bbox 192 2948 284 3005; x_wconf 84' lang='lat' dir='ltr'>Etiam</span> <span class='ocrx_word' id='word_1_308' title='bbox 294 2947 437 3023; x_wconf 81' lang='lat' dir='ltr'>Epidicum,</span> <span class='ocrx_word' id='word_1_309' title='bbox 457 2970 532 3024; x_wconf 84' lang='lat' dir='ltr'>quam</span> <span class='ocrx_word' id='word_1_310' title='bbox 545 2968 589 3024; x_wconf 82' lang='lat' dir='ltr'>ego</span> <span class='ocrx_word' id='word_1_311' title='bbox 595 2944 722 3022; x_wconf 66' lang='lat' dir='ltr'>fibulam</span> <span class='ocrx_word' id='word_1_312' title='bbox 737 2968 807 3025; x_wconf 75' lang='lat' dir='ltr'>eque</span> <span class='ocrx_word' id='word_1_313' title='bbox 821 2969 852 3004; x_wconf 84' lang='lat' dir='ltr'>ac</span> <span class='ocrx_word' id='word_1_314' title='bbox 865 2970 903 3005; x_wconf 84' lang='lat' dir='ltr'>rne</span> <span class='ocrx_word' id='word_1_315' title='bbox 915 2948 994 3023; x_wconf 82' lang='lat' dir='ltr'>ipsum</span> <span class='ocrx_word' id='word_1_316' title='bbox 1008 2969 1077 3019; x_wconf 82' lang='lat' dir='ltr'>amo,</span> 
     </span>
     <span class='ocr_line' id='line_1_38' title="bbox 195 3024 895 3105; baseline -0.003 -22"><span class='ocrx_word' id='word_1_317' title='bbox 195 3024 303 3083; x_wconf 82' lang='lat' dir='ltr'>Nullam</span> <span class='ocrx_word' id='word_1_318' title='bbox 319 3047 390 3101; x_wconf 87' lang='lat' dir='ltr'>aeqrcc</span> <span class='ocrx_word' id='word_1_319' title='bbox 402 3030 505 3084; x_wconf 82' lang='lat' dir='ltr'>invitus</span> <span class='ocrx_word' id='word_1_320' title='bbox 511 3030 607 3103; x_wconf 67' lang='lat' dir='ltr'>spello,</span> <span class='ocrx_word' id='word_1_321' title='bbox 621 3025 649 3101; x_wconf 82' lang='lat' dir='ltr'><em>ſs</em></span> <span class='ocrx_word' id='word_1_322' title='bbox 661 3046 718 3083; x_wconf 84' lang='lat' dir='ltr'>eam</span> <span class='ocrx_word' id='word_1_323' title='bbox 733 3034 789 3105; x_wconf 75' lang='lat' dir='ltr'>agit</span> <span class='ocrx_word' id='word_1_324' title='bbox 804 3026 895 3083; x_wconf 84' lang='lat' dir='ltr'>Pellio.</span> 
     </span>
     <span class='ocr_line' id='line_1_39' title="bbox 151 3102 975 3181; baseline 0.002 -22"><span class='ocrx_word' id='word_1_325' title='bbox 151 3106 205 3165; x_wconf 81' lang='lat' dir='ltr'>Sed</span> <span class='ocrx_word' id='word_1_326' title='bbox 221 3108 246 3159; x_wconf 75' lang='grc' dir='ltr'>δι</span> <span class='ocrx_word' id='word_1_327' title='bbox 258 3104 434 3162; x_wconf 83' lang='lat' dir='ltr'>crudelissime</span> <span class='ocrx_word' id='word_1_328' title='bbox 446 3104 582 3163; x_wconf 80' lang='lat' dir='ltr'>infelicem</span> <span class='ocrx_word' id='word_1_329' title='bbox 597 3102 727 3161; x_wconf 71' lang='lat' dir='ltr'>Navium</span> <span class='ocrx_word' id='word_1_330' title='bbox 742 3104 834 3161; x_wconf 88' lang='lat' dir='ltr'>Milite</span> <span class='ocrx_word' id='word_1_331' title='bbox 849 3104 975 3181; x_wconf 85' lang='lat' dir='ltr'>excepit:</span> 
     </span>
     <span class='ocr_line' id='line_1_40' title="bbox 142 3180 1009 3258; baseline -0.002 -17"><span class='ocrx_word' id='word_1_332' title='bbox 142 3215 146 3217; x_wconf 43' lang='lat'><em>*</em></span> <span class='ocrx_word' id='word_1_333' title='bbox 192 3182 265 3241; x_wconf 73' lang='lat' dir='ltr'>Nam</span> <span class='ocrx_word' id='word_1_334' title='bbox 279 3205 304 3239; x_wconf 85' lang='lat' dir='ltr'>oc</span> <span class='ocrx_word' id='word_1_335' title='bbox 317 3183 487 3241; x_wconf 84' lang='lat' dir='ltr'>columnatum</span> <span class='ocrx_word' id='word_1_336' title='bbox 494 3187 581 3258; x_wconf 71' lang='lat' dir='ltr'>poitae</span> <span class='ocrx_word' id='word_1_337' title='bbox 593 3183 666 3257; x_wconf 80' lang='lat' dir='ltr'>incffe</span> <span class='ocrx_word' id='word_1_338' title='bbox 679 3184 775 3240; x_wconf 79' lang='lat' dir='ltr'>audivi</span> <span class='ocrx_word' id='word_1_339' title='bbox 785 3180 909 3252; x_wconf 83' lang='lat' dir='ltr'>barbaro,</span> <span class='ocrx_word' id='word_1_340' title='bbox 1006 3192 1009 3203; x_wconf 95' lang='lat'>&#39;</span> 
     </span>
     <span class='ocr_line' id='line_1_41' title="bbox 194 3258 852 3337; baseline -0.003 -19"><span class='ocrx_word' id='word_1_341' title='bbox 194 3261 258 3318; x_wconf 80' lang='lat' dir='ltr'>Cum</span> <span class='ocrx_word' id='word_1_342' title='bbox 271 3258 328 3316; x_wconf 75' lang='lat' dir='ltr'>binc·</span> <span class='ocrx_word' id='word_1_343' title='bbox 340 3262 551 3337; x_wconf 78' lang='lat' dir='ltr'>custodessearper</span> <span class='ocrx_word' id='word_1_344' title='bbox 564 3266 622 3317; x_wconf 83' lang='lat' dir='ltr'>totis</span> <span class='ocrx_word' id='word_1_345' title='bbox 635 3259 704 3317; x_wconf 77' lang='lat' dir='ltr'>boris</span> <span class='ocrx_word' id='word_1_346' title='bbox 717 3258 852 3319; x_wconf 77' lang='lat' dir='ltr'>accubant.</span> 
     </span>
     <span class='ocr_line' id='line_1_42' title="bbox 155 3332 1142 3421; baseline 0.002 -26"><span class='ocrx_word' id='word_1_347' title='bbox 155 3338 264 3396; x_wconf 84' lang='lat' dir='ltr'>Videor</span> <span class='ocrx_word' id='word_1_348' title='bbox 285 3338 379 3395; x_wconf 83' lang='lat' dir='ltr'>audire</span> <span class='ocrx_word' id='word_1_349' title='bbox 397 3332 479 3398; x_wconf 73' lang='lat' dir='ltr'>ecilin</span> <span class='ocrx_word' id='word_1_350' title='bbox 491 3344 606 3421; x_wconf 70' lang='lat' dir='ltr'>Kpaciru,</span> <span class='ocrx_word' id='word_1_351' title='bbox 620 3342 650 3394; x_wconf 72' lang='lat'>⁸&amp;</span> <span class='ocrx_word' id='word_1_352' title='bbox 668 3356 729 3416; x_wconf 84' lang='lat' dir='ltr'>quae</span> <span class='ocrx_word' id='word_1_353' title='bbox 752 3339 855 3415; x_wconf 90' lang='lat' dir='ltr'>reliqua</span> <span class='ocrx_word' id='word_1_354' title='bbox 869 3338 896 3395; x_wconf 88' lang='lat' dir='ltr'>in</span> <span class='ocrx_word' id='word_1_355' title='bbox 910 3340 995 3414; x_wconf 76' lang='lat' dir='ltr'>veteri</span> <span class='ocrx_word' id='word_1_356' title='bbox 1009 3340 1142 3398; x_wconf 83' lang='lat' dir='ltr'>cornoedia</span> 
     </span>
     <span class='ocr_line' id='line_1_43' title="bbox 110 3416 1141 3492; baseline 0 -17"><span class='ocrx_word' id='word_1_357' title='bbox 110 3431 267 3484; x_wconf 84' lang='lat' dir='ltr'>occurrunt,</span> <span class='ocrx_word' id='word_1_358' title='bbox 288 3420 334 3479; x_wconf 79' lang='lat' dir='ltr'>ion</span> <span class='ocrx_word' id='word_1_359' title='bbox 344 3422 410 3484; x_wconf 75' lang='lat' dir='ltr'>nine.</span> <span class='ocrx_word' id='word_1_360' title='bbox 451 3416 527 3474; x_wconf 89' lang='lat' dir='ltr'>Nam</span> <span class='ocrx_word' id='word_1_361' title='bbox 540 3416 576 3473; x_wconf 87' lang='lat' dir='ltr'>ad</span> <span class='ocrx_word' id='word_1_362' title='bbox 592 3416 774 3492; x_wconf 80' lang='lat' dir='ltr'>Aristophanis</span> <span class='ocrx_word' id='word_1_363' title='bbox 790 3422 828 3477; x_wconf 79' lang='lat' dir='ltr'>rii</span> <span class='ocrx_word' id='word_1_364' title='bbox 841 3418 955 3487; x_wconf 67' lang='lat' dir='ltr'>induero,</span> <span class='ocrx_word' id='word_1_365' title='bbox 977 3418 1069 3476; x_wconf 83' lang='lat' dir='ltr'>siuslra</span> <span class='ocrx_word' id='word_1_366' title='bbox 1080 3420 1141 3475; x_wconf 87' lang='lat' dir='ltr'>sane</span> 
     </span>
     <span class='ocr_line' id='line_1_44' title="bbox 111 3494 1142 3572; baseline 0 -19"><span class='ocrx_word' id='word_1_367' title='bbox 111 3495 251 3572; x_wconf 83' lang='lat' dir='ltr'>aspiravit.</span> <span class='ocrx_word' id='word_1_368' title='bbox 293 3495 360 3565; x_wconf 84' lang='lat' dir='ltr'>Quis</span> <span class='ocrx_word' id='word_1_369' title='bbox 384 3494 457 3553; x_wconf 88' lang='lat' dir='ltr'>enim</span> <span class='ocrx_word' id='word_1_370' title='bbox 478 3495 530 3554; x_wconf 90' lang='lat' dir='ltr'>risu</span> <span class='ocrx_word' id='word_1_371' title='bbox 545 3514 598 3554; x_wconf 91' lang='lat' dir='ltr'>non</span> <span class='ocrx_word' id='word_1_372' title='bbox 612 3496 751 3567; x_wconf 87' lang='lat' dir='ltr'>emoritur,</span> <span class='ocrx_word' id='word_1_373' title='bbox 773 3514 834 3553; x_wconf 87' lang='lat' dir='ltr'>curn</span> <span class='ocrx_word' id='word_1_374' title='bbox 855 3498 1022 3555; x_wconf 83' lang='lat' dir='ltr'>vinofitatcrn</span> <span class='ocrx_word' id='word_1_375' title='bbox 1037 3496 1142 3557; x_wconf 84' lang='lat' dir='ltr'>Cratini</span> 
     </span>
     <span class='ocr_line' id='line_1_45' title="bbox 112 3572 340 3651; baseline 0.004 -20"><span class='ocrx_word' id='word_1_376' title='bbox 112 3572 224 3651; x_wconf 86' lang='lat' dir='ltr'>excepit</span> <span class='ocrx_word' id='word_1_377' title='bbox 237 3574 316 3631; x_wconf 90' lang='lat' dir='ltr'>Irene</span> <span class='ocrx_word' id='word_1_378' title='bbox 329 3576 340 3632; x_wconf 81' lang='lat' dir='ltr'>i</span> 
     </span>
     <span class='ocr_line' id='line_1_46' title="bbox 193 3650 888 3736; baseline 0.012 -28"><span class='ocrx_word' id='word_1_379' title='bbox 193 3662 232 3708; x_wconf 83' lang='lat' dir='ltr'>Et·</span> <span class='ocrx_word' id='word_1_380' title='bbox 272 3653 306 3707; x_wconf 81' lang='lat' dir='ltr'>Ti</span> <span class='ocrx_word' id='word_1_381' title='bbox 320 3650 343 3709; x_wconf 75' lang='lat' dir='ltr'>di</span> <span class='ocrx_word' id='word_1_382' title='bbox 355 3660 470 3733; x_wconf 66' lang='grc' dir='ltr'>Κρατῖνος</span> <span class='ocrx_word' id='word_1_383' title='bbox 482 3658 494 3710; x_wconf 82' lang='grc' dir='ltr'><strong>ὃ</strong></span> <span class='ocrx_word' id='word_1_384' title='bbox 506 3656 578 3728; x_wconf 54' lang='lat' dir='ltr'>copie</span> <span class='ocrx_word' id='word_1_385' title='bbox 588 3656 632 3716; x_wconf 62' lang='grc' dir='ltr'>ἔην</span> <span class='ocrx_word' id='word_1_386' title='bbox 644 3676 653 3719; x_wconf 80' lang='lat'>3</span> <span class='ocrx_word' id='word_1_387' title='bbox 674 3666 721 3736; x_wconf 68' lang='lat' dir='ltr'>Tg.</span> <span class='ocrx_word' id='word_1_388' title='bbox 750 3650 888 3725; x_wconf 57' lang='lat' dir='ltr'>’Amidam</span> 
     </span>
     <span class='ocr_line' id='line_1_47' title="bbox 187 3728 965 3814; baseline 0.012 -27"><span class='ocrx_word' id='word_1_389' title='bbox 187 3728 281 3787; x_wconf 70' lang='lat'>&#39;&#39;09’03</span> <span class='ocrx_word' id='word_1_390' title='bbox 293 3728 527 3796; x_wconf 59' lang='lat' dir='ltr'>Aaiamceirscmt·</span> <span class='ocrx_word' id='word_1_391' title='bbox 568 3742 606 3788; x_wconf 84' lang='lat' dir='ltr'>Er.</span> <span class='ocrx_word' id='word_1_392' title='bbox 628 3736 655 3793; x_wconf 73' lang='lat' dir='ltr'>ri</span> <span class='ocrx_word' id='word_1_393' title='bbox 670 3730 774 3798; x_wconf 60' lang='lat' dir='ltr'>restiti</span> <span class='ocrx_word' id='word_1_394' title='bbox 797 3736 896 3814; x_wconf 71' lang='grc' dir='ltr'>Τς.”0,</span> <span class='ocrx_word' id='word_1_395' title='bbox 916 3753 965 3797; x_wconf 69' lang='lat' dir='ltr'>tsi</span> 
     </span>
     <span class='ocr_line' id='line_1_48' title="bbox 192 3803 626 3891; baseline 0 -26"><span class='ocrx_word' id='word_1_396' title='bbox 192 3803 354 3886; x_wconf 66' lang='lat' dir='ltr'>’ilpaxttiaaec</span> <span class='ocrx_word' id='word_1_397' title='bbox 369 3805 396 3883; x_wconf 81' lang='lat' dir='ltr'>(ti</span> <span class='ocrx_word' id='word_1_398' title='bbox 413 3808 462 3891; x_wconf 73' lang='lat' dir='ltr'>ycip</span> <span class='ocrx_word' id='word_1_399' title='bbox 476 3808 626 3885; x_wconf 73' lang='grc' dir='ltr'>ἶξηνίσχετο)</span> 
     </span>
     <span class='ocr_line' id='line_1_49' title="bbox 186 3880 668 3963; baseline 0.01 -20"><span class='ocrx_word' id='word_1_400' title='bbox 186 3880 255 3943; x_wconf 73' lang='lat' dir='ltr'>’Idu&#39;r</span> <span class='ocrx_word' id='word_1_401' title='bbox 266 3889 332 3944; x_wconf 69' lang='lat' dir='ltr'>ello</span> <span class='ocrx_word' id='word_1_402' title='bbox 344 3892 520 3963; x_wconf 69' lang='grc' dir='ltr'>καταγνύμενον</span> <span class='ocrx_word' id='word_1_403' title='bbox 532 3888 579 3945; x_wconf 75' lang='lat' dir='ltr'>aire</span> <span class='ocrx_word' id='word_1_404' title='bbox 591 3894 668 3948; x_wconf 64' lang='lat' dir='ltr'>alcior.</span> 
     </span>
    </p>

    <p class='ocr_par' dir='ltr' id='par_1_11' title="bbox 111 3962 1064 4200">
     <span class='ocr_line' id='line_1_50' title="bbox 111 3962 1035 4044; baseline 0.002 -23"><span class='ocrx_word' id='word_1_405' title='bbox 111 3962 147 4023; x_wconf 81' lang='lat' dir='ltr'>ld</span> <span class='ocrx_word' id='word_1_406' title='bbox 160 3963 209 4033; x_wconf 78' lang='lat' dir='ltr'>esi,</span> <span class='ocrx_word' id='word_1_407' title='bbox 229 3962 259 4020; x_wconf 91' lang='lat' dir='ltr'>P.</span> <span class='ocrx_word' id='word_1_408' title='bbox 274 3962 377 4039; x_wconf 70' lang='lat' dir='ltr'>Sipiem</span> <span class='ocrx_word' id='word_1_409' title='bbox 389 3980 475 4025; x_wconf 83' lang='lat' dir='ltr'>autem</span> <span class='ocrx_word' id='word_1_410' title='bbox 489 3964 612 4021; x_wconf 82' lang='lat' dir='ltr'>Cratinus</span> <span class='ocrx_word' id='word_1_411' title='bbox 625 3969 689 4044; x_wconf 83' lang='lat' dir='ltr'>quid</span> <span class='ocrx_word' id='word_1_412' title='bbox 698 3968 780 4042; x_wconf 73' lang='lat' dir='ltr'>agit?</span> <span class='ocrx_word' id='word_1_413' title='bbox 804 3964 832 4022; x_wconf 81' lang='lat' dir='ltr'>T</span> <span class='ocrx_word' id='word_1_414' title='bbox 847 3966 883 4023; x_wconf 91' lang='lat' dir='ltr'>R.</span> <span class='ocrx_word' id='word_1_415' title='bbox 910 3964 994 4035; x_wconf 81' lang='lat' dir='ltr'>Obiit,</span> <span class='ocrx_word' id='word_1_416' title='bbox 1031 3962 1035 3972; x_wconf 78' lang='grc'><strong>’</strong></span> 
     </span>
     <span class='ocr_line' id='line_1_51' title="bbox 193 4040 1064 4123; baseline 0.008 -27"><span class='ocrx_word' id='word_1_417' title='bbox 193 4040 256 4097; x_wconf 79' lang='lat' dir='ltr'>Cum</span> <span class='ocrx_word' id='word_1_418' title='bbox 272 4042 381 4099; x_wconf 70' lang='lat' dir='ltr'>Lacones</span> <span class='ocrx_word' id='word_1_419' title='bbox 394 4042 442 4099; x_wconf 88' lang='lat' dir='ltr'>buc</span> <span class='ocrx_word' id='word_1_420' title='bbox 455 4048 597 4100; x_wconf 81' lang='lat' dir='ltr'>irruerent.</span> <span class='ocrx_word' id='word_1_421' title='bbox 635 4044 669 4102; x_wconf 85' lang='lat' dir='ltr'>P.</span> <span class='ocrx_word' id='word_1_422' title='bbox 683 4045 743 4121; x_wconf 70' lang='lat' dir='ltr'>Qu</span> <span class='ocrx_word' id='word_1_423' title='bbox 755 4046 868 4103; x_wconf 74' lang='lat' dir='ltr'>morbo?</span> <span class='ocrx_word' id='word_1_424' title='bbox 889 4046 918 4103; x_wconf 87' lang='grc' dir='ltr'><strong>Τ</strong></span> <span class='ocrx_word' id='word_1_425' title='bbox 931 4048 965 4106; x_wconf 91' lang='lat' dir='ltr'>R.</span> <span class='ocrx_word' id='word_1_426' title='bbox 979 4047 1064 4123; x_wconf 68' lang='lat' dir='ltr'>Qu?</span> 
     </span>
     <span class='ocr_line' id='line_1_52' title="bbox 194 4116 909 4200; baseline 0.011 -27"><span class='ocrx_word' id='word_1_427' title='bbox 194 4116 291 4194; x_wconf 83' lang='lat' dir='ltr'>Misere</span> <span class='ocrx_word' id='word_1_428' title='bbox 300 4120 399 4197; x_wconf 78' lang='lat' dir='ltr'>pallere</span> <span class='ocrx_word' id='word_1_429' title='bbox 414 4123 490 4196; x_wconf 66' lang='lat' dir='ltr'>caepit</span> <span class='ocrx_word' id='word_1_430' title='bbox 506 4120 596 4196; x_wconf 79' lang='lat' dir='ltr'>(firre</span> <span class='ocrx_word' id='word_1_431' title='bbox 609 4126 674 4181; x_wconf 85' lang='lat' dir='ltr'>enim</span> <span class='ocrx_word' id='word_1_432' title='bbox 688 4123 796 4179; x_wconf 76' lang='lat' dir='ltr'>hornan</span> <span class='ocrx_word' id='word_1_433' title='bbox 806 4121 909 4200; x_wconf 66' lang='lat' dir='ltr'>potuit)</span> 
     </span>
    </p>
   </div>
   <div class='ocr_carea' id='block_1_11' title="bbox 189 4186 1149 4294">
    <p class='ocr_par' dir='ltr' id='par_1_12' title="bbox 189 4186 1149 4294">
     <span class='ocr_line' id='line_1_53' title="bbox 189 4186 1149 4294; baseline 0.006 -39"><span class='ocrx_word' id='word_1_434' title='bbox 189 4196 293 4275; x_wconf 68' lang='lat' dir='ltr'>frangi</span> <span class='ocrx_word' id='word_1_435' title='bbox 305 4222 360 4257; x_wconf 83' lang='lat' dir='ltr'>cum</span> <span class='ocrx_word' id='word_1_436' title='bbox 372 4202 477 4287; x_wconf 60' lang='lat' dir='ltr'>videret</span> <span class='ocrx_word' id='word_1_437' title='bbox 489 4205 554 4288; x_wconf 70' lang='lat' dir='ltr'>‘uino</span> <span class='ocrx_word' id='word_1_438' title='bbox 564 4200 666 4277; x_wconf 81' lang='lat' dir='ltr'>plenum</span> <span class='ocrx_word' id='word_1_439' title='bbox 679 4200 789 4294; x_wconf 53' lang='lat' dir='ltr'>dasium,</span> <span class='ocrx_word' id='word_1_440' title='bbox 1039 4186 1041 4191; x_wconf 28' lang='grc' dir='ltr'>Ι</span> <span class='ocrx_word' id='word_1_441' title='bbox 1099 4200 1149 4261; x_wconf 82' lang='lat' dir='ltr'>Al·</span> 
     </span>
    </p>
   </div>
   <div class='ocr_carea' id='block_1_12' title="bbox 10 2476 1254 2556">
    <p class='ocr_par' dir='ltr' id='par_1_13' title="bbox 10 2476 1254 2556">
     <span class='ocr_line' id='line_1_54' title="bbox 10 2476 1254 2556; baseline -0.008 -17"><span class='ocrx_word' id='word_1_442' title='bbox 10 2498 14 2505; x_wconf 90' lang='lat'>·</span> <span class='ocrx_word' id='word_1_443' title='bbox 105 2478 243 2555; x_wconf 86' lang='lat' dir='ltr'>judicium</span> <span class='ocrx_word' id='word_1_444' title='bbox 257 2479 305 2547; x_wconf 84' lang='lat' dir='ltr'>esi,</span> <span class='ocrx_word' id='word_1_445' title='bbox 325 2478 481 2537; x_wconf 64' lang='lat' dir='ltr'>&amp;Donatk</span> <span class='ocrx_word' id='word_1_446' title='bbox 511 2497 579 2556; x_wconf 81' lang='lat' dir='ltr'>quos</span> <span class='ocrx_word' id='word_1_447' title='bbox 603 2478 730 2555; x_wconf 90' lang='lat' dir='ltr'>utrosque</span> <span class='ocrx_word' id='word_1_448' title='bbox 753 2479 886 2536; x_wconf 69' lang='lat' dir='ltr'>emunda</span> <span class='ocrx_word' id='word_1_449' title='bbox 906 2480 990 2547; x_wconf 83' lang='lat' dir='ltr'>naris,</span> <span class='ocrx_word' id='word_1_450' title='bbox 1013 2476 1139 2556; x_wconf 86' lang='lat' dir='ltr'>utrosque</span> <span class='ocrx_word' id='word_1_451' title='bbox 1252 2518 1254 2529; x_wconf 92' lang='lat'><em>.</em></span> 
     </span>
    </p>
   </div>
   <div class='ocr_carea' id='block_1_13' title="bbox 0 0 1456 4775">
    <p class='ocr_par' dir='ltr' id='par_1_14' title="bbox 0 0 1456 4775">
     <span class='ocr_line' id='line_1_55' title="bbox 0 0 1456 4775; baseline 0 0"><span class='ocrx_word' id='word_1_452' title='bbox 0 0 1456 4775; x_wconf 95' lang='lat' dir='ltr'> </span> 
     </span>
    </p>
   </div>
  </div>
 </body>
</html>
