2892 4775
167 176 248 277 affl

524 184 1156 265 PRoLEGoMENA

334 308 430 378 multa,
450 294 533 387 quim
559 308 656 386 scripta
678 306 731 365 esse
753 302 917 364 iTerentio
938 303 971 365 sit
990 304 1140 365 versimile.
1179 304 1230 365 Ne
1255 306 1365 389 longine

336 392 429 457 abeat,
450 388 487 445 etl
500 388 528 445 in
541 386 653 445 Andriae
667 384 745 443 scena
759 383 847 460 prima
859 383 947 463 versus
957 383 1013 454 hic,

412 466 472 524 Sine
483 467 590 525 invidia
601 464 701 523 laudm
709 467 838 531 invenias,
858 458 894 522 ὅ
903 466 998 520 anricus
1003 475 1090 537 parer.

336 544 369 605 Iu
384 562 418 602 eo
432 543 489 603 suat
507 542 674 621 nescioquas
698 538 847 599 collisiones
860 540 1071 600 comminiscitur
1090 537 1255 601 Priscianus:
1284 540 1367 602 abili

375 622 401 681 le
422 642 460 691 aa,

403 641 474 758 gsiut
487 697 840 765 invidiainvem'aslauden,
853 694 889 757 δ’
903 698 1091 775 unicorpores.

338 775 438 841 Versus
452 780 580 849 consulat,
600 779 654 837 sine
668 777 721 837 ullo
735 793 784 835 aut
806 775 955 848 sententiae,
978 790 1027 834 aut
1051 775 1194 837 mutatis
1215 776 1367 839 detrimen·

335 875 377 917 to.
418 857 553 937 Equidem
567 858 705 935 nunquam
726 855 876 913 existimaui
889 854 934 911 sua
948 856 1043 929 poitur
1061 850 1187 915 libertate
1200 872 1258 915 tam
1271 859 1311 918 uti
1325 858 1361 915 ll-

336 934 443 999 henter.
468 933 551 1014 quim
577 933 730 994 necessarii.
768 934 839 1011 Qae
852 933 917 991 ehm
939 937 966 990 dr
989 930 1046 1011 ipsa
1067 932 1175 1001 die‚.&
1200 953 1366 1011 magnorum

336 1014 457 1073 virorum
482 1014 637 1074 testimoniis
661 1009 821 1071 confirmata
842 1010 912 1070 fint:
943 1027 998 1069 non
1020 1010 1119 1071 dubito
1138 1012 1203 1088 qnin
1226 1032 1285 1083 nor,
1313 1014 1366 1091 qui

336 1091 369 1151 iis
381 1088 417 1149 de
431 1090 509 1151 rebur
522 1094 600 1150 aliter
614 1092 749 1160 sentimus,
769 1089 963 1166 antiquitatem
975 1085 1043 1158 serti,
1072 1109 1162 1167 neque
1184 1104 1278 1149 tamen
1303 1110 1362 1149 non

337 1167 452 1240 temeri,
471 1168 669 1247 reprehendere
696 1168 846 1228 uideamur.
887 1168 959 1225 llaec
984 1184 1033 1224 noa
1058 1165 1190 1243 prosedb,
1212 1168 1367 1229 Guillelme

335 1248 432 1317 Bellai,
452 1268 514 1327 qum
539 1249 567 1306 in
587 1266 681 1307 ornnes
704 1262 795 1322 parter
820 1244 932 1321 perieuh
954 1242 1198 1321 sunt-plenissima,
1221 1244 1366 1305 deterrere

335 1324 497 1397 debuerunt,
518 1324 536 1383 st
549 1340 647 1406 praeter
660 1327 761 1383 bonam
774 1324 943 1399 uoluptatem
967 1322 1034 1381 nihil
1061 1324 1098 1381 ad
1111 1339 1216 1383 motam
1236 1343 1295 1383 rem
1319 1324 1365 1383 af-

329 1404 406 1481 ¹serre
421 1405 603 1481 potuissemus.
643 1406 759 1462 Attum
775 1406 801 1459 dr
825 1400 931 1460 infinita
954 1396 1038 1477 prope
1056 1403 1137 1477 primi
1159 1422 1207 1461 noa
1219 1422 1281 1479 quae
1294 1420 1363 1481 ege-

333 1499 395 1542 rent
407 1482 578 1561 casligatione
591 1480 857 1559 deprehenderimus,
882 1484 907 1537 de
919 1477 956 1537 ab
975 1479 1035 1537 aliia
1047 1478 1245 1551 animadversa,
1270 1500 1364 1559 neque

333 1559 381 1619 diu
408 1562 505 1630 minua,
526 1580 613 1639 neque
631 1561 716 1619 minus
740 1559 847 1618 sortasse
874 1557 1019 1635 diligenter
1045 1558 1280 1627 confiderarimun
1309 1579 1364 1617 no·

333 1639 470 1715 sirumque
483 1639 535 1700 esse
548 1639 657 1718 aliquod
681 1638 801 1715 potuerit
822 1637 842 1695 ii
856 1635 891 1693 de
913 1635 992 1693 rebus
1001 1634 1147 1709 judicium,
1174 1638 1214 1695 rei
1237 1637 1364 1696 interesse

335 1717 462 1776 literaria
475 1720 578 1796 putavi,
603 1716 630 1775 id
651 1715 777 1775 omnibns
800 1734 849 1791 per
864 1734 908 1771 me
921 1712 979 1771 fieri
997 1733 1080 1791 quam
1098 1714 1270 1773 notislimum.
1311 1718 1364 1793 Ju-

336 1794 402 1854 dieii
426 1810 518 1855 autem
542 1796 623 1855 noslri
636 1793 726 1853 causas
738 1796 791 1853 erit
804 1792 912 1851 forcalle
924 1790 989 1852 cium
1011 1792 1217 1868 explicabimus,
1244 1812 1312 1870 quas
1332 1796 1363 1852 in

290 1900 294 1905 ·
335 1872 476 2011 praesentia
489 1893 583 1933 omnes
605 1871 737 1949 persequi,
759 1886 789 1929 ut
810 1870 894 1947 quim
919 1869 1032 1929 infiniti-
1045 1871 1220 1930 essetlaboria
1243 1886 1363 1942 taoeam,

357 1953 454 2013 ominis
481 1950 553 2009 certi:
579 1952 643 2011 essee
665 1951 754 2009 minus
772 1948 922 2025 occuparit
952 1946 1083 2008 testificari
1098 1963 1202 2008 tantum
1214 1950 1269 2007 hoc
1287 1966 1362 2009 tenr-

335 2048 415 2106 pore.
437 2028 597 2109 liquidique
617 2028 707 2104 jurare
721 2027 865 2105 possumus,
886 2026 1025 2096 nihilum,
1047 2026 1094 2085 nili
1107 2029 1262 2098 necessario,
1287 2028 1359 2087 nihil

333 2108 381 2167 nist
394 2108 493 2177 versus,
518 2108 667 2186 elegantiae,
693 2106 883 2185 sententiaque
909 2106 1030 2165 convitio
1055 2106 1226 2166 immutasse:
1254 2106 1364 2165 restitu-

333 2185 379 2245 isse
392 2184 528 2265 quaedam,
555 2202 585 2245 ut
597 2186 634 2245 ab
651 2186 684 2242 iit
705 2184 873 2257 authoribus,
895 2182 933 2241 de
954 2183 1153 2261 quibue,antea
1165 2184 1358 2262 loquebamur,

332 2265 415 2324 citata
428 2264 647 2343 reperiebamus:
675 2262 813 2320 codicibus
836 2263 875 2322 ita
903 2258 962 2319 usna
986 2261 1063 2321 suiffe
1108 2262 1219 2331 lurintir,
1246 2263 1364 2337 utplus

329 2342 436 2420 semper
449 2342 521 2419 apud
535 2363 583 2402 nos
607 2341 720 2402 valuerit
737 2340 837 2416 judicii
862 2340 944 2407 ratio,
965 2337 1048 2420 quim
1071 2282 1173 2400 librarii
1194 2358 1291 2402 manua
1317 2341 1363 2398 in·

329 2419 421 2493 dosia,
442 2437 524 2498 atque
543 2423 694 2482 temeraria.
736 2421 832 2498 Atque
846 2435 877 2478 ut
889 2421 982 2478 animo
994 2417 1157 2497 praesumere
1171 2419 1260 2495 pollis,
1288 2419 1362 2497 quid

329 2497 367 2560 de
390 2515 449 2557 toto
463 2501 515 2558 hoc
529 2499 622 2558 labore
643 2498 731 2558 noslro
753 2497 855 2557 debeas
871 2494 1007 2572 judicare,
1027 2497 1145 2556 reseram
1171 2499 1274 2574 paucis,
1294 2518 1362 2573 quae

328 2577 357 2636 in
377 2576 486 2636 Andria
502 2578 629 2656 Prologo,
649 2596 710 2656 quae
722 2577 751 2636 iu
762 2575 843 2638 scena
855 2576 943 2654 prime
961 2572 1086 2654 corrupti
1107 2575 1164 2654 legi
1180 2575 1359 2636 'animadver-

329 2669 419 2716 terrm.

650 2735 709 2795 Ubi
723 2734 752 2793 in
763 2734 882 2812 Prologo
893 2723 1056 2814 legebatur(

367 2811 454 2888 idisti
467 2819 742 2893 vituperantsaeium,
761 2829 839 2893 atque
847 2818 876 2870 ia
885 2835 912 2870 eo
925 2817 1066 2889 desperant.

366 2891 432 2950 Non
453 2895 574 2951 constare
597 2891 701 2950 versum
726 2891 989 2961 nominitamus,
1003 2892 1050 2948 nili
1071 2891 1099 2948 in
1125 2889 1286 2967 pronomine
1309 2893 1362 2964 isti

326 2967 406 3028 litera
420 2968 535 3029 secunda
547 2969 699 3040 elideretur,
723 2984 806 3048 atque
835 2969 876 3027 ita
895 2967 972 3028 heret
991 2971 1149 3046 anapestus.
1188 2967 1360 3041 Huiusmodi

326 3065 375 3106 nos
389 3047 508 3107 elifiones
532 3064 586 3107 tarn
606 3049 696 3120 duras,
732 3066 763 3108 ut
783 3047 874 3108 dicam
897 3043 1034 3118 levissimi,
1054 3066 1109 3106 ron
1130 3047 1302 3125 agnoscimus
1327 3049 1359 3105 in

326 3143 356 3183 re
382 3123 493 3184 minime
519 3127 670 3196 necessaria.
710 3125 841 3198 Scripfille
862 3124 1025 3184 Terentium
1039 3125 1089 3201 Isti
1103 3129 1308 3202 idvr'tupernru,
1330 3131 1359 3182 δι

299 3216 302 3226 ’
326 3202 417 3260 versus
430 3205 539 3274 clamat,
566 3205 710 3264 &codices
734 3203 854 3262 nonnulli
869 3204 1005 3264 testantur.
1044 3204 1116 3263 Tale
1131 3204 1200 3262 illud
1213 3203 1261 3272 esi,
1276 3203 1359 3280 quod

325 3281 400 3338 idem
416 3283 441 3337 in
452 3281 576 3340 Eunuchi
598 3286 682 3343 Attus
696 3283 752 3342 111.
775 3284 861 3342 Scena
873 3282 912 3340 Il.
934 3280 1010 3340 versu
1022 3282 1081 3352 illo,

404 3359 462 3434 Qu·
474 3361 648 3435 habetsalm,

404 3439 521 3512 Qodin
539 3455 565 3495 re
586 3443 631 3512 esr.
672 3437 832 3499 Extremam
845 3434 945 3499 scilicet
957 3439 985 3498 in
1004 3442 1072 3516 quod
1081 3436 1147 3498 elidi
1159 3437 1278 3508 literam,
1305 3435 1356 3497 ubi

323 3515 380 3594 Qu*
392 3516 414 3572 le
437 3538 442 3570 r
458 3516 557 3573 debere
573 3523 597 3573 δι
612 3517 698 3574 versus
712 3516 805 3595 &ipsa
819 3517 953 3576 Latinitas
967 3517 1119 3578 ossendulrt.

434 3594 472 3664 bi,
493 3593 532 3650 Ut
539 3593 742 3671 peremscatis&
753 3618 784 3672 qu
849 3601 872 3652 ei
882 3595 1020 3673 reliquam.
1070 3589 1074 3599 ¹

259 3693 264 3702 ·
362 3671 423 3730 Not
437 3671 562 3750 scriptum
574 3596 891 3739 turlsedicimussiss&
907 3679 930 3730 ir
939 3675 1083 3752 pernoscat,
1102 3673 1271 3750 quidspeifit
1283 3671 1354 3730 reli·

321 3771 413 3828 quum:
436 3769 520 3830 arque
532 3751 609 3808 aliter
619 3751 740 3828 scripsisse
760 3749 925 3813 Terentium
940 3753 1090 3828 persuaderi
1110 3755 1165 3824 non
1179 3753 1275 3828 potest.
1314 3751 1353 3808 Id

317 3825 402 3910 porri>
414 3829 488 3887 locus
503 3829 585 3888 habet
599 3831 748 3899 sententiae,
770 3827 891 3888 fabulam
915 3849 963 3888 vos
975 3829 1141 3908 cognoscite.
1163 3848 1194 3886 ut
1216 3834 1240 3887 dt
1260 3830 1357 3886 l'oe'ta

316 3905 468 3990 perspicere
483 3907 566 3984 posit,
589 3905 655 3985 quid
668 3907 716 3966 srbi
738 3905 845 3966 ivobis
868 3907 924 3984 spei
946 3909 1115 3986 relinquatur
1141 3905 1178 3964 de
1200 3905 1355 3966 Comoediie

317 4001 385 4058 quas
396 3985 422 4040 in
437 3987 570 4059 posterum
585 3983 681 4042 scribet
698 4005 707 4042 ι
727 4005 763 4042 an
782 3983 882 4044 seilicet
896 3985 1074 4062 explodendae
1099 3983 1176 4044 vobit
1201 3989 1275 4061 prius
1287 3983 1352 4054 sint,

316 4057 400 4136 ¹quien
415 4060 573 4136 speslandae,
597 4080 678 4140 atque
691 4061 894 4140 cognoscenda.
929 4065 1028 4128 Praeter
1040 4083 1123 4143 quem
1139 4083 1223 4121 unum
1244 4065 1350 4130 locum.

316 4141 336 4198 st
351 4139 433 4198 alium
448 4141 552 4198 nullum
567 4142 689 4218 inopere
711 4158 771 4199 toto
785 4141 1009 4211 emendassemur,
1029 4140 1193 4204 feunanum
1205 4146 1242 4200 &v
1256 4137 1353 4200 officio

313 4216 413 4292 polito,
440 4221 464 4281 le
477 4217 619 4278 hominum
633 4219 888 4298 expectationem
901 4219 1023 4282 abunde.
1287 4295 1351 4356 ω),

1340 4318 1351 4356 ι
