2892 4775
518 143 1159 225 PROLEGOMENA

331 279 428 345 vo'oit.
450 274 498 339 ¹cur
521 293 578 337 tam
600 276 706 339 diversa
719 278 825 338 miscuit
839 284 850 338 l
880 281 939 338 Cor
951 277 1077 337 Plautum
1089 284 1115 336 δι
1127 276 1195 336 alios
1209 272 1273 335 idcir
1286 294 1366 355 prae·

334 364 406 431 tulit,
427 359 501 437 quod
515 359 572 437 plur
585 358 620 416 de
642 360 762 435 antiqua
780 356 933 417 Comoediar
955 358 1038 435 genio
1056 358 1212 416 referrent?
1242 374 1292 415 cur
1311 372 1367 433 po·

205 444 222 469 ⁰
335 442 411 515 pulo,
433 440 517 495 etiarn
540 438 648 495 cultiori
673 435 771 495 seculo
794 436 869 494 baud
892 454 966 514 aegre
988 435 1023 494 ad
1047 434 1176 494 solutiora
1197 433 1366 511 respicienti,

334 516 461 575 adulatus
475 515 574 591 potius,
593 514 677 593 quaint
696 516 807 593 poileor
827 514 958 585 instituto,
976 518 1003 573 dr
1020 512 1150 597 dodlrinae
1169 513 1274 589 legibus
1284 510 1368 570 obse-

331 610 412 654 curos
426 596 485 653 elit
514 593 568 651 Sed
583 596 725 652 mittamur
749 592 921 671 Sedigitom:
940 597 989 670 qul
1003 608 1096 651 marco
1109 590 1216 651 errandi
1225 591 1368 669 scaligero
1392 645 1396 649 ,

335 676 430 733 auctor
439 673 502 741 fuit,
517 691 580 729 nam
595 688 626 730 ut
635 671 691 748 ejus
696 671 833 747 judicium
846 671 1017 740 defenderet,
1031 670 1080 729 suo
1089 690 1144 730 noo
1159 668 1230 729 bene
1243 666 1301 727 usur
1314 668 1366 727 etr.

335 750 490 829 Qisedirn
500 768 581 827 porro
595 752 665 809 serat
679 751 746 809 itta?
779 750 819 807 At
836 771 879 810 τοι
893 764 1017 831 paratae
1038 754 1113 827 ipse,
1130 748 1369 826 presidrlangai·

335 832 417 888 diores
439 844 515 887 crant
541 826 726 888 incutiam:
760 846 845 905 qoam
870 828 943 906 apud
964 828 1213 889 Plautum-'scilicet
1235 826 1368 903 aliosque.
1440 853 1441 856 ¹

335 906 406 985 Quis
417 906 530 965 dentum
541 906 586 966 ille
599 907 735 985 languor?
755 905 878 965 domnia
890 907 1021 979 maria,
1032 909 1086 967 boc
1098 906 1247 965 dicendum
1257 905 1342 964 fuerit
1355 920 1367 959 ε

329 1006 397 1065 ‚quae
417 1005 459 1043 tes
489 986 682 1044 in‘Comoedia
702 988 743 1044 ita
761 984 937 1054 exhibentur,
971 999 1002 1043 ut
1030 987 1120 1045 minua
1140 999 1268 1064 captetur
1286 982 1369 1047 risus,
1440 981 1442 992 ’

336 1060 1369 1221 tllzltllllltllltltcltlztlllnlllltllltlllll

336 1224 404 1281 aliua
420 1220 617 1297 pronunciaffet
639 1221 840 1298 languidiorem
861 1220 916 1279 effe
937 1220 1041 1292 Poifia,
1064 1221 1113 1279 ubi
1133 1223 1264 1280 retinetur
1288 1216 1370 1296 quod

329 1301 375 1357 ¹est
389 1298 588 1367 difficillimum,
611 1298 657 1357 sed
671 1299 757 1359 Poita
769 1315 898 1357 accurato
913 1298 1038 1376 dignum,
1058 1300 1248 1379 enlrilaritate
1257 1297 1368 1356 modus.

335 1378 436 1453 Qid?
456 1377 530 1455 quod
546 1379 705 1437 urbanitatis
719 1378 835 1436 eruditae
847 1396 882 1435 ac
902 1378 1052 1435 festivitatis
1069 1378 1186 1441 artificio
1205 1378 1306 1437 nemini
1319 1394 1371 1434 ce·

335 1457 378 1515 dit
391 1456 549 1515 Terentius.
590 1458 714 1515 Tantum
728 1456 804 1515 obeli
816 1457 915 1515 rationi
937 1456 1092 1527 anonim,
1112 1460 1157 1517 coi
1170 1472 1199 1515 te
1211 1455 1292 1515 semel
1305 1474 1370 1531 per·

337 1535 448 1594 miseris.
490 1536 527 1592 Et
552 1533 765 1614 excogitandum
790 1550 884 1595 tamen
903 1534 1008 1611 aliquid
1030 1535 1094 1607 fuit,
1127 1556 1163 1596 ne
1185 1536 1370 1597 oneratione

335 1613 474 1673 videretur
488 1613 626 1689 disputari.
665 1614 779 1690 Quando
791 1615 891 1692 (inquit
901 1610 1039 1692 Scaliger)
1054 1636 1095 1674 res
1108 1607 1268 1693 eo'prrdutta
1276 1616 1322 1691 est,
1336 1629 1370 1671 rat

335 1714 380 1749 nos
392 1698 421 1749 in
431 1692 524 1773 lingua
532 1700 637 1767 patria,
658 1694 705 1751 hoc
721 1696 768 1769 est.
790 1695 901 1763 Latina,
913 1693 997 1768 steros
1006 1698 1147 1771 peregrini,
1167 1715 1291 1771 quaerere
1300 1696 1367 1751 aiti-

334 1772 426 1844 difflrai
439 1776 555 1857 cujusque
574 1772 693 1829 authoris
713 1770 829 1845 operibat
851 1774 1045 1843 emendicatam,
1066 1775 1148 1831 adra
1161 1794 1221 1851 qrtae
1245 1772 1370 1841 sentiatur
1437 1835 1441 1845 ¹

332 1852 536 1925 applicartmar;
559 1863 636 1926 atque
648 1854 676 1906 in
688 1872 719 1907 ea
733 1846 897 1909 Terentianae
909 1854 1046 1910 mnaitiae
1055 1856 1166 1926 potiores
1178 1852 1257 1926 efferat
1262 1848 1370 1926 salibus

332 1928 468 1986 Plautinis
479 1952 489 1986 :
504 1943 628 2006 quantam
633 1942 741 2005 propter
754 1932 836 1986 animi
841 1928 1006 2005 voluptatem
1016 1927 1164 1988 rribwarr
1173 1928 1270 1987 Plauto
1275 1932 1368 2006 prisci,

334 2020 438 2065 tartum
451 2022 519 2067 etas
532 2010 629 2079 nostra,
650 2007 792 2085 ablingaae
802 2008 1030 2080 Lninaecutrm,
1050 2006 1175 2067 ferentia.
1218 2008 1269 2067 Ille
1281 2014 1370 2085 igitur
1440 2003 1441 2012 ¹

333 2085 440 2143 illorum
454 2090 569 2158 stranda
583 2090 698 2165 firtana
721 2090 932 2155 commendatur:
956 2087 1109 2163 &anostra
1133 2091 1238 2160 miseria
1260 2108 1370 2163 magnas

323 2166 420 2238 fitetur
433 2168 478 2244 est.
510 2166 577 2223 Nam
585 2169 697 2242 equidem
708 2166 832 2223 Plautum
841 2181 871 2221 rrt
889 2162 1028 2235 Comitum
1041 2164 1184 2237 ‘t’ereartan
1205 2181 1235 2224 ut
1248 2165 1368 2241 loquuta-

333 2264 388 2300 rear
401 2242 560 2304 admirabor.
587 2245 623 2301 -Si
641 2244 748 2301 miseria
768 2244 882 2318 junioria
899 2245 952 2301 aevi
970 2244 1087 2303 caussam
1101 2244 1180 2304 dedit
1197 2246 1368 2323 aipafrapart

334 2320 452 2401 ragineri:
473 2322 540 2401 quid
562 2340 628 2402 ergo
652 2338 717 2380 aute
741 2337 783 2380 tot
802 2322 898 2380 tacito
918 2322 1062 2382 Horatium
1074 2324 1172 2395 movit,
1200 2342 1230 2383 ut
1249 2323 1367 2381 stultitia:

326 2401 479 2476 postularet
490 2421 546 2472 cos,
568 2404 614 2479 qui
628 2401 694 2458 sales
707 2401 847 2461 Plautinor
859 2401 896 2460 ab
907 2402 1089 2462 urbanitatem
1102 2407 1127 2461 dc
1142 2403 1265 2481 leporem
1278 2401 1366 2459 refer-

334 2493 397 2536 rent
412 2484 423 2538 ?
452 2497 482 2537 ut
494 2501 559 2538 non
573 2479 677 2557 pbralin
694 2481 781 2558 magia
793 2479 932 2550 Terentii,
955 2479 1039 2560 quito
1052 2482 1119 2541 sales
1131 2487 1157 2541 tr
1168 2484 1273 2558 lepores
1287 2494 1368 2542 tanto

334 2556 421 2615 lludio
429 2556 648 2618 molestaretur?
670 2558 709 2616 At
719 2578 786 2616 unua
796 2562 821 2615 dc
833 2559 901 2618 item
913 2558 984 2618 alter
996 2561 1033 2618 ob
1047 2559 1132 2620 soluto
1146 2561 1245 2637 linguae
1260 2559 1366 2617 Latinae

334 2635 451 2692 nitorem
463 2655 548 2713 nuper
563 2651 669 2695 tantum
682 2638 820 2695 Terentio
833 2636 937 2696 tribuit.
960 2638 1060 2697 Nescio
1069 2641 1181 2716 quinam
1198 2640 1236 2696 illi
1247 2637 1366 2695 fuerint:

319 2715 458 2772 -omnium
474 2717 585 2774 minime
608 2715 727 2772 decebat
741 2715 910 2793 Scaligerom
930 2718 958 2774 io
978 2735 1012 2774 eo
1035 2735 1150 2776 numero
1171 2716 1246 2775 ell'e:
1268 2716 1326 2792 qui,
1347 2714 1369 2772 ti

335 2805 414 2851 tauta
436 2793 587 2852 intentione
613 2795 697 2851 animi
724 2795 859 2853 tractasset
883 2795 1058 2866 Terentium,
1078 2811 1182 2875 quanta
1206 2793 1367 2872 Virgilium,

320 2887 389 2928 -non
404 2873 490 2928 minus
502 2873 650 2948 perlectum
665 2873 693 2930 in
705 2871 752 2929 suo
764 2890 848 2948 opere
862 2874 939 2932 illurn
954 2891 1002 2949 per
1015 2876 1108 2932 omnia
1118 2873 1271 2949 judlcallet.
1296 2872 1369 2932 Sunt

334 2963 439 3018 autem,
465 2966 494 3006 ut
521 2950 645 3008 omnibus
665 2965 753 3026 patet,
780 2952 852 3008 iuter
874 2951 994 3010 eruditor
1007 2971 1061 3010 nou
1083 2955 1176 3030 pauci,
1196 2959 1223 3012 dr
1244 2951 1368 3021 fuerunt,

335 3028 384 3103 qui
404 3028 557 3087 orationem
583 3029 707 3100 Terentii
726 3030 826 3088 merito
852 3029 966 3106 quidem
987 3031 1158 3103 adamarunt,
1187 3030 1270 3110 longe
1290 3030 1372 3106 plora

336 3123 441 3176 autem,
462 3106 490 3162 id
505 3109 551 3176 ell,
573 3108 664 3164 omnia
677 3127 719 3176 ea,
746 3107 844 3185 quibus
855 3126 942 3183 opera
957 3109 1112 3183 hujusmodi
1125 3107 1370 3178 commendantur,

337 3185 366 3241 in
387 3203 421 3242 eo
433 3181 562 3244 admirati
576 3186 652 3244 lunt:
674 3204 726 3244 uec
747 3203 778 3245 ut
790 3186 912 3245 locuturis
938 3185 1017 3262 (abiit
1030 3188 1177 3246 verborum
1200 3189 1299 3258 vilitat,
1320 3189 1370 3245 ubi

336 3262 407 3339 plur,
422 3281 506 3340 quarn
526 3265 609 3322 verba
624 3253 785 3340 lpedlantor)
804 3263 849 3323 sed
873 3282 904 3322 ot
925 3265 1031 3324 Comici
1050 3270 1075 3321 Sc
1099 3265 1254 3344 Philosophi
1276 3266 1372 3325 exacti

337 3342 392 3398 hoc
406 3343 547 3418 exemplar
560 3343 606 3400 fibi
622 3343 827 3419 proposuerunt.
858 3343 1016 3412 Enimvero,
1030 3345 1077 3421 qui
1091 3360 1189 3422 praeter
1200 3345 1288 3403 stilum
1301 3347 1370 3404 nibil

337 3420 365 3476 in
380 3419 515 3476 Terentio
538 3439 630 3478 amare
656 3419 763 3490 didicit,
782 3419 879 3479 eumd
896 3421 979 3479 Mutis
1002 3423 1144 3480 &Gratiis
1158 3443 1221 3481 curn
1248 3425 1371 3484 marine

337 3497 457 3556 alienum
471 3497 524 3554 etse
538 3517 619 3556 nemo
633 3498 747 3560 abnuat.
780 3501 836 3559 Sed
848 3500 906 3557 baec
919 3501 1048 3558 botlenus
1060 3499 1096 3558 ad
1110 3502 1173 3578 Jal.
1184 3501 1282 3578 Scalig.
1295 3506 1380 3572 tier,

335 3573 383 3634 lib.
397 3575 451 3634 ΙΙΙ.
474 3589 528 3650 cap.
541 3579 611 3636 xcvi.
633 3575 722 3636 &Vl
743 3592 800 3656 cap.
815 3579 844 3636 ii.

377 3703 519 3775 LOCA
545 3702 838 3782 MENANDRI,
861 3705 931 3770 ET
955 3703 1319 3787 APOLLODORl‚

497 3823 567 3899 Qrae
587 3820 615 3877 T
618 3816 823 3879 ERENTIUS
844 3821 942 3879 Latine
956 3823 993 3880 est
1007 3823 1211 3902 interpretator.
1270 3865 1272 3868 -

651 3927 885 3983 Sourtavatrus
911 3923 1081 3983 Lecronr.

382 4024 622 4110 Ubjeciteditioni
643 4034 823 4092 Terentianae
843 4031 859 4093 ἰ
874 4031 900 4090 se
914 4031 1050 4092 recenlitae
1063 4031 1239 4093 Noblillimua
1249 4052 1282 4092 ac
1295 4033 1372 4092 cele·

402 4117 533 4172 bertinus
547 4115 621 4176 Dan.
632 4111 751 4190 Heiastur
771 4114 832 4170 loca
845 4111 950 4188 aliquot
962 4111 1122 4182 Menandri,
1144 4133 1206 4190 quae
1220 4112 1372 4179 Terentius

259 4255 264 4265 ,
335 4195 433 4260 Latine
448 4194 485 4253 cst
497 4194 628 4266 inritatus,
654 4211 688 4251 cx
709 4191 868 4276 colludiionc
879 4190 1126 4251 AndrraeScbttti:
1157 4211 1205 4249 uos
1225 4191 1256 4248 iis
1269 4192 1323 4326 31ὶὲ
1337 4210 1374 4248 erc

1268 4287 1304 4328 co
1326 4288 1374 4330 tut
