2892 4775
159 51 251 126 mii
533 47 1168 130 PROLEGOMENA

361 178 442 238 Alter
459 175 534 241 enim
551 176 650 238 vitium
665 176 771 236 Cratini
785 174 854 236 ridet
870 199 876 234 :
898 176 966 236 alter
980 177 1072 240 Naeuii
1085 181 1230 252 miseriam.
1270 183 1367 258 Ridi-¹
1391 169 1395 182 '

320 258 414 314 cuium
427 272 520 314 autem
533 255 550 314 d
563 253 668 315 miseria
667 255 827 395 aprudenter
848 257 1003 332 Aristotelen
1023 259 1144 338 sejungit.
1187 255 1265 332 Risnr
1278 266 1355 322 enim

321 355 386 394 cum
404 334 491 393 atroci
510 331 622 408 alicujus
636 353 664 396 ιιι
691 353 710 394 o
731 349 781 400 ιιιιι
800 333 956 405 calamitate
980 334 1166 412 ficonjundius
1189 339 1230 406 fit,
1253 341 1355 400 imma-

320 415 363 473 nis
372 413 404 472 fit
414 431 449 488 aq
461 411 610 472 barbarus..
639 411 691 470 Illa
704 427 796 478 autem
809 412 889 486 piane
902 429 978 471 extra
992 433 1069 472 novae
1082 415 1173 492 legem
1186 419 1350 490 comoediae:

399 491 457 568 Qui
464 492 597 570 perjurum
610 495 748 553 convenire
760 489 824 548 vult
835 491 969 560 hominem,
989 498 1065 552 mitro
1076 499 1104 553 in
1117 499 1269 564 comitium

402 570 460 646 Qr'
471 570 614 633 mendacem
627 566 663 628 {ff
672 569 824 645 gloriostor,
844 572 914 644 apud
924 569 1172 646 cloacinaesarrunr.
1377 625 1382 630 .

359 649 397 708 Et
422 667 484 724 quae
510 646 611 706 deinde
628 646 783 724 sequnntur.
832 647 914 722 Qud
936 645 1059 726 profesio
1086 652 1122 709 est
1147 649 1164 708 ὲ
1184 652 1292 730 pulpito
1315 653 1354 714 ad

321 728 467 816 plaustrum
480 726 579 787 redire.
601 721 700 817 'Legat
709 742 808 782 catera
820 727 868 816 qui
879 726 963 818 roser.
994 728 1046 788 Sed
1057 729 1115 792 hart
1129 723 1158 798 rii
1170 737 1191 792 h
1202 731 1353 824 πριξιαρας

320 801 661 961 hornih‘zh‘sfh·
672 805 923 962 ,hanchis
937 802 1176 964 1111111ῗέ
1199 813 1353 957 :finiit

320 963 504 1041 inspiciamus.
556 963 676 1020 Primum
702 961 731 1024 in
754 962 888 1028 comoedia
912 963 1042 1038 tragoedia
1065 984 1111 1032 ue,
1138 966 1174 1022 eh
1199 965 1347 1042 dispositio.

319 1043 424 1118 Neque
442 1039 635 1110 dubitandum,
655 1041 724 1118 quin
738 1057 801 1101 cnm
815 1039 970 1110 Aristoteles
992 1042 1026 1099 de
1044 983 1216 1119 dispositione
1229 1043 1353 1122 disputat

320 1119 471 1198 tragoediae,
492 1121 577 1178 etiarn
598 1120 742 1180 eornoediae
756 1119 800 1177 'ex
822 1119 853 1174 iis
876 1121 1019 1177 convenire
1039 1122 1168 1198 pleraque
1182 1123 1352 1184 existimave-

319 1201 365 1258 rit.
406 1198 467 1256 Nisi
485 1198 560 1275 quod
584 1213 614 1258 ut
639 1198 754 1279 tragicus
774 1194 901 1272 disponit,
922 1197 960 1254 ita
974 1200 1092 1258 comicus
1106 1219 1215 1278 quoque
1234 1201 1352 1264 inuenit.

318 1271 487 1338 Alternum
502 1276 600 1354 accipit
623 1276 658 1334 ab
676 1277 743 1345 aliis,
764 1275 833 1340 alter
852 1273 907 1352 ipse
920 1274 967 1333 srbi
982 1276 1028 1336 dar
1050 1279 1124 1355 quod
1147 1278 1350 1358 disponendum

319 1357 378 1420 estr
399 1355 446 1414 mir
468 1355 487 1414 fi
509 1353 546 1414 ab
571 1355 626 1412 alio
649 1353 772 1413 desumat
793 1369 993 1431 argumentum.
1036 1357 1117 1414 Certe
1137 1359 1208 1435 apud
1224 1356 1351 1422 Graecos.

259 1481 262 1486 .
320 1432 398 1494 Nam
422 1433 514 1492 Latini
535 1431 641 1494 fabular
664 1433 834 1502 Graecorum,
865 1430 1036 1508 dispositione
1064 1436 1264 1512 aliquantulum
1291 1439 1353 1516 ple·

318 1529 425 1587 rnnque
449 1513 593 1572 immutata
612 1511 781 1590 &personia
802 1510 992 1586 expresserunt.
1033 1513 1074 1572 Ut
1088 1509 1177 1570 eumd
1201 1515 1354 1589 Menandri

321 1590 466 1660 Eunucho,
487 1589 561 1648 nram
575 1591 667 1668 paucis
677 1589 826 1648 immutatis
842 1587 987 1648 Terentius
1001 1591 1131 1670 expreffit.
1173 1593 1214 1649 Ea
1228 1595 1349 1665 ratione,

320 1686 353 1728 nt
363 1670 469 1737 Davus,
481 1667 626 1734 Parmeno,
640 1666 758 1744 Chrysis,
772 1667 869 1736 Thais,
883 1669 1072 1742 Chaerestratur
1083 1669 1127 1728 hic
1136 1669 1200 1728 effer
1213 1672 1350 1732 Phaedria.

320 1748 430 1808 Plautus
450 1748 477 1805 in
499 1747 722 1825 tragico-‚cornico
740 1747 950 1823 Amphitryone,
963 1765 1039 1822 more
1052 1749 1213 1826 tragicorum
1226 1747 1351 1810 fabulam

320 1829 428 1902 accepit
450 1830 475 1883 dr
494 1823 643 1903 disposuit:
663 1825 709 1882 sed
733 1829 757 1886 δι
780 1824 889 1892 nomina
912 1827 1023 1884 retinuit
1045 1845 1079 1886 ex
1092 1845 1179 1904 parte,
1199 1825 1275 1903 qnod
1294 1849 1355 1894 non,

320 1905 388 1965 solet
401 1906 428 1961 in
443 1906 594 1962 comoedia:
617 1923 651 1960 ex
666 1921 742 1978 parte
756 1903 830 1962 secit.
873 1903 956 1962 Unde
975 1922 1045 1974 raro,
1067 1905 1192 1964 invenisse
1205 1923 1353 1984 argumen-

321 1999 381 2043 tum
394 1983 508 2058 tragicus
519 1984 598 2057 podta
609 1981 706 2040 dicitur
722 1979 806 2059 (quod
826 1997 872 2040 aut
886 1979 901 2038 d
914 1983 1016 2042 ratione
1027 1984 1140 2041 aliorum
1154 1979 1223 2040 auti:
1236 1985 1350 2062 scriptis,
1389 1990 1397 2003 '

321 2078 354 2120 ιιι
368 2060 489 2138 plerique
502 2079 535 2116 ex
552 2060 680 2120 Homero
698 2077 745 2118 aut
760 2063 845 2131 Cyclo
864 2061 959 2134 Epico,
975 2061 1116 2138 petebant}
1140 2079 1235 2122 contra
1253 2081 1349 2124 autem

279 2182 282 2187 -
326 2139 433 2197 comici.
477 2139 687 2208 Arilioteie5,‚ri
701 2137 726 2198 di
745 2139 825 2214 μνθυς
841 2147 924 2206 enutrit,
945 2136 1105 2219 Ἐωιχιιςμις
1128 2145 1253 2222 &dippeus
1266 2140 1350 2224 ἦρξαν.

320 2219 366 2280 Ita
378 2236 439 2276 eam
456 2235 562 2286 vocem,
583 2236 637 2274 non
652 2231 681 2277 ut
694 2219 816 2294 quidam,
831 2217 881 2282 ¹hic
896 2217 1008 2294 accipio.
1049 2217 1146 2280 Midm
1159 2221 1231 2277 enim
1246 2237 1275 2278 ut
1288 2223 1351 2279 ubi-

321 2315 376 2374 que
390 2296 445 2353 fere
461 2297 606 2364 Aristoteli,
628 2315 680 2352 non
692 2296 785 2353 drama
798 2297 852 2358 esi;
874 2293 917 2352 sed
932 2315 963 2352 ea
977 2298 1057 2363 achin,
1078 2295 1094 2353 ὲ
1108 2317 1161 2376 qua
1175 2297 1270 2356 drama
1282 2318 1351 2358 con-

320 2375 444 2440 stituitur,
466 2373 590 2454 ἦωςᾶξις.
612 2370 865 2453 ἧτῖςωραῆιατιῖας
882 2372 987 2443 coronent
1038 2375 1186 2453 Qomodo
1200 2381 1224 2433 dc
1237 2378 1349 2454 accipit,

320 2472 384 2511 cum
398 2451 480 2521 dixit,
499 2452 579 2528 parido:
598 2450 620 2510 θ’
637 2454 684 2515 ish
702 2455 743 2521 εἷς,
764 2454 804 2531 ἐχ
825 2454 903 2535 ὅπερ
924 2456 980 2521 ‘ruit
997 2460 1097 2519 uiuunt,
1118 2452 1158 2513 irir
1181 2456 1238 2537 turpi
1256 2456 1297 2515 irre
1320 2454 1347 2521 ai.

321 2532 360 2591 Et
379 2530 434 2608 ipse
459 2529 609 2607 ωολυμιῖθκς
627 2550 673 2589 ent
695 2549 785 2599 vocat,
814 2533 861 2608 qui
887 2532 930 2589 vel
956 2535 1050 2601 varius,
1080 2532 1123 2588 rel
1141 2552 1202 2611 quae
1226 2551 1350 2611 tempore

321 2610 432 2675 eodem,
446 2610 481 2665 ab
495 2611 558 2678 aiio,
574 2628 627 2667 non
648 2628 702 2667 uno
718 2613 742 2665 δι
756 2608 864 2678 eodem,
878 2609 962 2686 gestae
974 2608 1041 2679 sunt,
1058 2608 1232 2689 conjungunt.
1264 2612 1351 2673 Ideo·

320 2708 376 2765 que
391 2687 512 2745 subulam
534 2688 644 2765 eligere,
666 2692 691 2745 de
707 2688 821 2753 cletham
837 2688 907 2757 redte
920 2688 955 2745 ad
969 2688 1063 2745 ordine
1078 2688 1226 2765 disponere,
1248 2706 1277 2749 ut
1291 2692 1349 2767 pri·

321 2787 369 2825 ma
383 2766 475 2836 virtus,
496 2766 535 2823 ita
553 2768 670 2843 primum
694 2767 900 2843 maximumque
916 2784 989 2841 opus
1011 2767 1056 2824 est.
1099 2764 1131 2824 In
1147 2768 1350 2846 Amphitryone

321 2863 489 2903 maneamus.
528 2844 609 2905 Nam
630 2863 658 2900 ut
679 2860 866 2921 argumentum
881 2844 933 2901 hoc
949 2846 1062 2921 accepit,
1085 2846 1123 2902 ita
1146 2847 1200 2921 ipse
1215 2848 1349 2907 exanimi

322 2921 592 2997 sententiadiposuit.'
632 2922 836 2999 Quarepotnit,
853 2940 881 2979 ut
896 2924 991 2988 voluit,
1013 2924 1097 2999 signe
1113 2923 1233 2981 fabulam
1245 2943 1277 2982 ac
1297 2924 1351 2983 sns-

323 3020 399 3060 vere.
441 3000 473 3058 In
487 3020 520 3057 ea
541 3001 622 3077 igitur
635 2998 728 3064 divina
749 3002 829 3067 Σέσιςι
851 3001 917 3057 mira
932 3002 1003 3057 enim
1019 2994 1122 3059 ratione
1146 3002 1293 3079 impeditur
1306 3003 1350 3063 sa-

323 3080 388 3137 bula
407 3082 432 3137 dr
454 3078 592 3137 intricatur
615 3078 697 3137 adiio.
737 3080 777 3141 At
799 3080 926 3145 tranhtio,
949 3098 1009 3156 quoe
1030 3098 1081 3136 non
1108 3079 1143 3137 est
1164 3084 1275 3159 tragica,
1302 3080 1350 3141 sed

321 3158 429 3216 comica
451 3155 598 3233 (μιτωῗαι-ιι
618 3159 726 3216 vocavit
740 3153 907 3225 Aristoteles)
929 3176 988 3232 pars
1007 3176 1067 3235 quae
1081 3159 1273 3239 opponiturepi
1288 3160 1351 3222 h'rrr

324 3244 420 3313 (quam
433 3240 457 3293 dt
470 3242 547 3304 λύσιν,
567 3234 784 3312 seusolutionen
800 3232 908 3303 vocant)
934 3252 969 3291 ex
990 3236 1120 3303 sententia
1141 3235 1282 3297 succedere
1295 3258 1350 3299 non

283 3384 287 3389 ι
322 3316 425 3391 potuit.
465 3313 728 3392 Qrarer'mpeditus,
760 3312 905 3370 &oblitus
930 3310 976 3381 sui,
1010 3314 1048 3370 ire
1061 3315 1167 3392 cogitur
1181 3316 1215 3371 ad
1230 3316 1347 3379 Deum:

321 3396 376 3451 hnc
391 3394 428 3450 esi
444 3387 618 3467 ἆπόμηχαιῆς
631 3390 728 3449 finire:
748 3390 823 3467 quod
838 3392 874 3449 est
888 3389 1012 3447 ultimum
1028 3390 1160 3471 refugium
1175 3392 1272 3471 poe'tae,
1286 3412 1351 3453 cum

321 3476 364 3536 mh
384 3472 453 3537 hen.
473 3472 527 3527 hot
544 3472 590 3537 eh,
608 3469 722 3538 nodum,
743 3487 825 3547 quem
845 3468 940 3545 ligavit
964 3468 1028 3545 ipse,
1050 3469 1153 3529 solvere
1175 3489 1227 3529 nnn
1273 3473 1350 3543 otest,

321 3557 347 3607 nr
361 3570 416 3609 rem
427 3563 521 3627 parum
536 3547 650 3623 provide
667 3547 800 3603 tradiavit.
842 3548 916 3603 Nam
934 3562 1036 3604 caeterae
1057 3567 1118 3623 qnae
1135 3550 1173 3607 ibi
1187 3491 1351 3609 adhissentut

321 3630 464 3695 machinae,
485 3625 521 3683 ad
535 3626 617 3683 scenae
628 3624 788 3701 &choragii
801 3640 936 3691 ornatum.
967 3630 975 3655 *
993 3624 1036 3687 nir
1047 3628 1112 3699 ὄψιν,
1134 3644 1163 3685 ut
1176 3626 1350 3703 philosophus

320 3708 358 3763 de
376 3708 408 3764 iis
430 3706 505 3782 loqui
526 3704 604 3773 solet,
623 3702 794 3761 reseruntur:
817 3703 897 3778 quale
915 3709 952 3761 est
986 3704 1112 3773 rontium,
1133 3710 1163 3768 &¹
1177 3702 1351 3773 ceraunosco-

321 3786 423 3861 pium;
444 3802 561 3863 qnorum
583 3783 671 3839 altero
694 3781 731 3837 ad
745 3779 855 3851 tonitru,
877 3782 930 3839 ho'c
948 3782 983 3839 ad
1004 3781 1106 3839 fulmen
1131 3781 1349 3859 exprimendum,

320 3865 348 3920 in
364 3864 564 3937 Amphitryone
577 3878 645 3937 opus
657 3859 718 3917 suit.
758 3858 852 3917 Finem
873 3876 939 3915 vern
960 3856 1197 3937 quaedmathina,
1217 3860 1350 3925 lubentius
1384 3883 1386 3886 ·

321 3942 349 3998 in
364 3941 469 4017 tragico
481 3938 565 4016 quim
577 3939 687 3997 comico
700 3936 811 3995 excusat
825 3934 997 3995 Aristoteles:
1019 3938 1083 4014 quia
1098 3956 1258 4015 argumento
1268 3940 1351 4019 tragi-

319 4034 367 4075 cus
378 4020 541 4094 astringitur.
558 4018 632 4092 quod
645 4017 753 4091 accipit.
784 4013 949 4091 Qanquam
964 4034 998 4072 ne
1011 4016 1075 4074 hnic
1088 4021 1200 4093 quidem
1214 4036 1275 4081 earn
1285 4015 1352 4077 fecit

318 4096 447 4173 gratim,
467 4112 531 4153 cum
549 4094 660 4173 inquit:
681 4096 774 4177 parrpir,
787 4096 825 4167 tir,
845 4098 882 4155 itt
901 4090 984 4171 ‚effutis
1004 4088 1082 4163 hr‘rrtt
1094 4092 1139 4156 noir
1148 4094 1232 4173 prou,
1244 4097 1271 4167 ἔξ
1293 4096 1353 4155 iveti
