2892 4775
295 127 852 268 rnnnnrrnrrr.
949 263 954 272 .

64 319 202 402 Pamphili
224 317 427 380 diffinrillimoa:
448 316 517 378 nihil
541 317 716 378 moderatum
740 321 768 380 in
790 319 855 387 hoc,
883 314 952 377 nrlril
976 317 1098 380 confilii:

66 399 164 460 contra
188 404 217 458 in
240 400 289 458 illo
315 395 500 457 moderatiora
523 398 616 456 omnia
639 395 720 476 pene,
740 397 825 476 quim
848 399 893 458 vel
918 413 983 456 aetm
1005 398 1102 476 poscit,

66 481 111 538 vel
126 477 288 536 fluitamor.
678 488 683 498 “

106 556 142 615 In
165 557 259 633 primis
281 554 414 614 mirentur
426 553 612 631 eloquentiam
632 555 719 633 poita
737 555 763 614 in
775 551 913 630 Pamphili
928 553 1053 633 querelis,
1073 553 1103 612 in

66 632 137 694 senia
160 629 369 702 nbrratiouibua,
388 631 638 703 consultationibus,
658 638 683 690 dr
706 631 951 712 objurgationibus.
992 631 1039 690 Ab
1060 631 1103 688 hia

66 712 201 789 exemplis
214 717 240 769 dr
252 711 346 780 verba,
369 715 394 768 dr
415 710 513 788 figuras
527 711 620 770 Latini
643 710 780 780 sermonis,
806 709 953 770 &dicendi
966 711 1103 768 rationem

68 789 321 865 aisoescantperere
335 788 538 847 adolescentes:
559 788 664 846 felicius
677 789 752 848 haud
767 787 848 848 dubii
863 789 1019 848 collocaturi
1032 805 1101 864 ope-

1154 217 1266 275 CXXXV

67 886 140 939 ram,
159 866 243 945 quim
256 865 276 925 o
287 868 403 938 interea,
422 865 496 925 velut
509 864 631 926 formicae
646 866 758 942 Indicae,
777 887 873 926 aurum
886 867 1083 928 conveherent·
1198 925 1201 934 ,

385 1006 447 1064 ΙΝ
480 1005 799 1068 EUNUCHUM.

168 1099 277 1160 moediae
289 1113 320 1158 ut
342 1099 486 1158 hominnm
509 1098 605 1171 vitam,
626 1099 710 1170 cason
734 1099 842 1160 consilia
860 1102 1012 1171 imitentur,
1031 1099 1104 1176 peri·

69 1103 220 1256 Coeula
241 1180 392 1254 continent,
423 1176 498 1256 qudd
521 1181 546 1235 δι
570 1179 692 1249 consiliis,
726 1183 752 1238 ἂ
777 1181 903 1252 fortunae,
923 1181 952 1238 in
978 1179 1104 1257 periculis

69 1256 194 1316 maxime
212 1257 286 1315 locut
310 1258 356 1314 etl.
397 1256 496 1334 ltaque
514 1273 577 1314 cum
600 1255 733 1317 discutere
752 1259 904 1332 periculum
917 1258 1023 1316 ratione
1038 1275 1103 1315 con-

71 1335 188 1394 tendant
213 1337 342 1412 persona,
361 1332 498 1412 tinguntur
520 1335 596 1392 varia
617 1335 737 1408 consilia,
758 1337 786 1395 in
804 1337 902 1415 quibua
919 1335 974 1394 alia
997 1334 1105 1404 saliunt,
1149 1357 1153 1368 ·

71 1416 128 1473 alia
142 1414 231 1472 felicia
247 1414 315 1472 sunt.
355 1413 433 1489 Saepe
444 1411 504 1489 plur
517 1410 590 1469 casm
601 1414 699 1490 potest,
720 1413 805 1494 quam
818 1416 899 1476 ratio.
938 1413 1107 1480 Dominatur

70 1489 131 1552 seri
143 1495 171 1550 iu
186 1493 263 1550 rebus
276 1493 395 1550 fortuna.
1067 1529 1071 1538 ,

113 1571 252 1646 Superiori
274 1568 368 1628 fabula
391 1567 528 1646 proposuit
550 1568 664 1630 modesti
687 1569 865 1632 adolescentia
885 1569 1058 1646 exemplumr
1078 1569 1103 1628 ir

69 1647 111 1707 de
123 1648 214 1709 officio
226 1647 273 1706 suo
286 1643 393 1705 honesti
407 1646 549 1708 consultat.
588 1649 645 1708 Hic
667 1649 740 1708 nulla
761 1647 821 1709 sunt
839 1649 948 1706 honesta
963 1647 1099 1725 exempla,

71 1728 178 1786 nullum
192 1728 331 1786 honesturn
345 1723 493 1784 confilium.
524 1725 603 1786 Nam
617 1726 765 1800 meretricii
778 1746 884 1786 umores
897 1726 1101 1784 describuntur:

72 1819 106 1865 ut
130 1805 185 1864 lroc
197 1804 322 1882 exemplo
342 1817 452 1862 cernant
470 1803 595 1878 juvenes,
617 1821 747 1883 tanquam
767 1805 795 1864 in
813 1805 934 1883 speculo,
952 1804 1102 1864 amentiam

71 1882 230 1960 hujusmodi
252 1893 415 1941 amatorum.
457 1881 503 1941 Est
528 1900 621 1942 autem
643 1883 746 1962 duplex
768 1883 971 1962 propemodum
998 1882 1101 1940 sabula.

71 1963 221 2039 Propterea
270 1961 373 2019 minum
384 1975 572 2038 argumentum
587 1958 722 2021 recenseo.

112 2041 215 2098 Primus
261 2038 338 2097 hraso
352 2041 380 2096 in
394 2040 446 2097 hac
457 2038 551 2097 sabula
565 2054 648 2100 tenet.
669 2040 704 2098 Ei
716 2059 780 2131 cum
793 2039 914 2120 pollicita
926 2039 991 2100 esset
1001 2039 1100 2110 Thais,
1145 2085 1148 2092 r

70 2119 206 2178 satiatam
220 2117 246 2176 se
257 2113 297 2179 sui
309 2117 418 2194 copiam
430 2117 487 2174 diet
504 2118 539 2175 ali
562 2133 618 2190 not,
639 2119 741 2177 fallitur
754 2139 776 2177 rr
800 2137 911 2184 tamenr
932 2138 1019 2196 eaque
1037 2137 1102 2196 pro·

72 2195 137 2257 talia
158 2196 259 2254 sabulae
280 2196 326 2254 eil.
367 2197 439 2254 Cum
464 2138 608 2254 Thraione
629 2197 768 2257 confertur
790 2193 929 2257 Phaedria:
958 2195 1006 2257 nifi
1027 2199 1099 2258 enim

72 2274 189 2336 rivalem
204 2274 318 2334 haberet
332 2271 450 2343 Thraso,
470 2273 543 2365 nihil¹
549 2275 746 2353 periclitaretur
758 2275 786 2334 in
800 2293 903 2334 amore.

72 2351 230 2491 Tllip‘iltafia
243 2352 340 2411 subulae
353 2351 399 2423 esi,
420 2371 482 2411 cum
505 2369 623 2414 minatur
633 2354 679 2415 ille
700 2351 728 2413 se
748 2369 963 2435 oppugnaturum
977 2351 1004 2413 vi
1017 2351 1098 2413 aedeia

128 2454 153 2489 ar
174 2452 207 2490 rr.

114 2509 295 2587 catastrophe
317 2508 430 2568 ridicula
452 2508 497 2569 est.
537 2511 615 2570 Nam
639 2510 747 2570 Thraso
765 2510 825 2587 jam
848 2512 955 2585 stallos,
976 2496 1119 2589 predum

72 2588 215 2665 impetrat,
238 2604 267 2647 ot
281 2589 370 2665 aliqua
381 2588 476 2647 salrem
491 2590 518 2645 in
531 2608 609 2667 parte
623 2590 695 2667 apud
710 2590 850 2649 Thaidem
864 2592 973 2649 haereat.
1017 2584 1101 2649 Porro

73 2670 142 2747 quia
154 2669 213 2725 haec
228 2666 320 2725 sabula
334 2668 407 2724 varia
422 2668 467 2734 ert,
488 2666 659 2744 multquue
670 2668 755 2727 habet
767 2669 915 2740 turbarum,
936 2666 996 2727 casu
1010 2668 1101 2725 exori·

75 2764 123 2805 rur
134 2748 202 2805 aliua
228 2746 374 2805 tumultus:
396 2746 505 2803 uitiatur
526 2747 614 2824 virgo,
634 2766 718 2825 quarn
742 2746 848 2811 Thaidi
874 2748 951 2805 nrilen
973 2746 1097 2805 donarat.

73 2823 130 2885 Sed
144 2825 181 2883 est
204 2825 266 2883 laeta
288 2824 343 2901 ejus
365 2842 475 2903 quoque
494 2824 607 2899 periculi
624 2824 800 2901 catastrophe.
831 2827 917 2885 'Nam
940 2842 1008 2885 uxor
1020 2824 1100 2885 datur

74 2905 135 2961 baee
149 2902 322 2971 adolescenti,
342 2906 389 2979 qui
403 2921 463 2961 eam
477 2902 677 2979 compresserat.

115 2982 159 3040 Ut
171 2978 339 3038 Thrasonem
355 2981 496 3039 ridiculum
506 2997 658 3039 amatorem
671 2980 796 3059 fingeret,
816 2978 894 3040 addit
907 2980 1097 3053 Gnathonem,

73 3054 126 3137 qni
137 3058 195 3133 ejus
208 3078 294 3117 mores
308 3057 417 3116 mirifici
430 3057 563 3134 depingit,
585 3076 615 3117 ut
627 3058 793 3118 ardelionem
806 3058 941 3135 agnoscat.

119 3140 152 3197 ln
165 3136 292 3215 superiori
307 3137 398 3195 sabula
417 3139 540 3215 plurimae
552 3136 611 3197 sunt
624 3136 840 3208 conlirltarionea,
855 3144 880 3195 dr
895 3151 953 3195 tota
965 3136 1020 3197 seri
1033 3157 1099 3197 eon·

74 3214 140 3273 sistit
153 3217 180 3273 iu
194 3234 295 3293 genere
316 3216 506 3273 deliberativo.
544 3215 600 3273 Hic
623 3215 681 3290 plur
694 3216 731 3291 est
743 3216 996 3291 expostulationum‚
1016 3222 1040 3273 dr
1053 3237 1098 3275 ac·

74 3294 213 3353 cusatorio
225 3293 269 3351 seu
279 3290 401 3367 judiciali
415 3294 509 3371 generi
522 3293 632 3352 similior
646 3294 692 3353 est.
731 3292 847 3353 Nullum
871 3311 963 3353 auteur
978 3298 1040 3353 rirae
1053 3314 1100 3373 ge·

74 3392 126 3430 noa
140 3372 187 3441 eil,
208 3370 254 3429 ubi
276 3390 330 3431 non
353 3374 499 3448 plurimum
513 3371 686 3431 Thrasouum
708 3374 843 3449 reperias:
866 3392 953 3449 neque
973 3374 1020 3431 ulli
1045 3370 1102 3433 sere

75 3450 159 3506 rebus
179 3448 306 3508 humanis
328 3450 527 3526 perniciofiores
553 3449 622 3521 sunt,
651 3446 734 3530 quim
754 3451 783 3509 id
807 3470 901 3529 genua,
921 3450 940 3507 fi
963 3453 1104 3530 contingat

76 3527 224 3603 imperare.
263 3526 296 3585 ln
312 3530 427 3605 ternplia,
448 3528 567 3596 inaulis,
588 3531 616 3587 iu
639 3532 718 3588 rehtu
742 3528 854 3606 publicis
873 3530 998 3591 omnibus
1007 3532 1103 3590 omnia

75 3606 201 3675 miscent,
222 3620 252 3663 ut
276 3623 449 3665 concreantur
464 3606 538 3683 vulgi
550 3605 681 3683 plausum.
720 3608 814 3686 Quare
835 3608 982 3687 diligenter
1003 3610 1039 3665 etl
1063 3610 1104 3666 in·

77 3684 191 3749 tuenda,
205 3684 469 3763 contemplandique
482 3684 630 3743 Thrasonie
643 3687 735 3763 imago
747 3690 776 3745 in
789 3688 841 3745 hac
852 3686 956 3757 fabula,
971 3701 1000 3744 at
1009 3685 1104 3759 discat,

75 3760 161 3839 quim
173 3762 224 3821 fint
237 3764 332 3839 inepti,
353 3783 437 3840 quarn
450 3762 527 3820 nihili
540 3762 688 3821 ardeliones
701 3764 752 3822 illi.
792 3764 1001 3823 somniaverim
1015 3764 1104 3821 homi·

75 3844 401 3996 :thathannai
414 3841 1103 3999 lustrls‘hrl‘hhhhl‘hthhhtsshffilif

77 3994 177 4056 tullum
189 3996 310 4057 Suffeni:
329 4016 379 4057 nec
389 3999 464 4078 piget
476 3996 637 4069 adscribere,
657 4014 688 4057 ut
701 3996 820 4061 ediscant
832 3999 919 4079 pueri·

428 4142 457 4201 Α
471 4142 504 4201 Π
538 4138 568 4200 V
581 4142 647 4199 A'R
661 4140 692 4200 U
705 4140 752 4201 Μ.

156 4230 275 4310 differtus
289 4236 342 4310 isle,
365 4233 445 4301 Vara,
465 4253 536 4309 quern
553 4230 634 4308 prob)
646 4236 717 4312 nosti,

157 4310 241 4368 Homo
252 4315 287 4385 est
300 4315 430 4389 venustus,
451 4312 485 4373 θ’
500 4314 590 4383 dicax,
610 4308 646 4371 ὅ
658 4312 784 4388 urbam

243 4408 259 4468 3
684 4424 689 4437 =
865 4456 884 4467 ..
927 4448 928 4453 ,
1003 4386 1115 4472 Ιᾶινιμ
