2892 4775
331 14 869 120 rrnnnrrrrrer
1136 113 1141 121 ,
1202 39 1279 115 ‹nx

82 165 207 228 nondum
282 169 334 228 itur
346 169 440 230 vidisse
452 169 617 241 absolutam,
636 169 683 230 sed
693 170 755 247 jam
771 167 924 248 concepisse
943 169 1046 240 anino,
1070 188 1120 247 pu-

83 263 160 305 tatur
174 187 342 308 Arisbselee.
379 249 444 325 Ejus
461 267 528 307 vero
552 253 660 307 unicum
684 251 863 328 proposrtum,
893 250 1026 306 humanos
1051 248 1123 306 nosse

84 341 172 404 atque
186 327 288 385 imitari
303 344 401 385 moret.
442 324 506 403 Qui
521 328 604 386 διἸ).
620 329 738 386 Hieron.
755 328 873 404 Epillola
883 325 918 384 ad
934 326 1055 396 Furiam,
1075 326 1123 385 De

85 402 223 461 viduitate
237 400 376 474 servanda,
397 405 514 482 respicit,
535 421 605 464 cum·
618 408 715 484 inquit,
748 407 802 464 Nec
814 405 917 475 eicie-erere,
948 405 993 462 bec
1007 404 1124 481 figulum

76 483 181 558 serrfiffe
203 485 233 542 de
246 483 366 558 vasculo,
390 487 458 560 qued
466 482 674 562 ipsefabricarus
687 487 734 565 eft,
755 490 901 541 cameriam
915 485 1031 551 cenricus,
1054 484 1124 559 rep'rrr

14 579 18 587 ·
78 563 147 635 finit
161 561 197 634 est
217 561 338 619 humanos
351 582 430 619 meree
443 564 509 638 neffe
530 579 608 638 eatque
629 562 779 640 describere,
802 561 925 621 dixerit:
954 561 1014 618 Sine
1030 559 1123 619 Cerere

86 636 123 696 (θ’
144 635 238 696 bibere
243 641 333 717 friget
347 639 437 697 Venus.
477 642 574 697 Omnis
594 657 687 698 autem
698 641 826 710 imitatio,
849 656 876 697 ut
896 637 1123 717 pollea'dicernur

89 717 225 794 pluribus,
245 735 342 776 natura
355 719 479 794 placet&
492 717 618 777 delectat.
659 719 727 778 Hoc
741 719 813 776 enirn
827 719 965 796 proprium
980 719 1016 794 est
1030 717 1122 774 bomi-

87 795 140 863 nis,
163 809 193 853 ut
208 797 280 853 reste
293 796 473 856 Aristoteles:
494 797 582 874 qui&
605 797 804 874 prpemrrers‘ra'roe
822 797 868 856 'teir
892 795 953 874 ξύων
971 797 1071 853 metito
1084 793 1122 852 ab

87 889 123 930 eo
136 873 248 932 dicitur.
288 875 349 951 Joci
360 894 435 943 cero,
457 873 616 951 fipetantur
631 876 750 954 undique
775 873 878 932 moselli
903 875 936 930 ac
948 872 1052 950 frigidi,
1072 887 1121 932 aut

87 952 235 1008 theatrales
248 951 325 1021 fiunt,
345 951 464 1012 fibrita
477 953 525 1011 srnt
538 953 628 1011 alieni.
670 955 726 1030 Qti
742 969 772 1012 ut
785 951 858 1031 plebi
871 952 954 1019 sorte,
976 955 1013 1008 ita
1033 951 1120 1010 doetn
1170 1011 1174 1021 ,

86 1029 198 1105 placere
218 1049 250 1087 ac
263 1029 427 1108 sapientibus
445 1051 499 1090 non
526 1032 641 1108 possunt.
683 1032 836 1092 Constantis
854 1032 925 1088 enirn
939 1031 989 1088 viri
1004 1047 1036 1086 ac
1049 1028 1119 1106 sapi·

86 1109 158 1165 entis
171 1109 276 1166 animur
297 1111 382 1167 laxari
405 1111 472 1180 vult,
494 1130 548 1167 non
561 1110 639 1168 solvi.
679 1110 759 1168 Illam
775 1125 866 1168 autern
890 1108 1118 1178 constitutionem,

109 1185 181 1258 ‘crin
193 1202 294 1244 urcurn
308 1187 406 1245 Stoicis
420 1188 575 1264 hirloquar,
596 1187 725 1262 lrc'eerei
736 1191 781 1248 τοῦ
798 1189 849 1255 slat
867 1187 1011 1264 patierisne
1030 1185 1119 1245 solvit.

87 1211 181 1344 ᾆξαι
195 1262 330 1342 melate,
350 1265 393 1333 'rsit
404 1271 564 1349 περιχαρείας
576 1263 734 1351 ticepsnxvotr
752 1269 797 1334 τῆς
809 1267 933 1344 ψυχικῆς,
951 1265 1056 1341 antiqui
1069 1282 1119 1322 νο·

87 1359 164 1402 cant.
205 1341 328 1420 Ideoque
346 1349 371 1400 st
382 1346 521 1414 Socratici,
540 1365 655 1422 quorum
670 1346 732 1404 libri
745 1347 902 1422 penuarium
916 1343 1039 1420 leporum
1060 1361 1120 1400 orn·

87 1423 166 1480 nium
181 1420 300 1491 suerunt,
312 1441 345 1480 ae
356 1422 526 1494 facetiarum,
569 1423 622 1480 uod
640 1421 656 1482 ὲ
669 1423 893 1500 Xenophonte&
906 1420 1020 1479 Platone
1033 1422 1122 1482 eriam,

87 1499 144 1558 boc
165 1517 287 1578 tempore
300 1517 421 1576 apparet,
442 1442 648 1584 χαριεηίὲεσθαι,
669 1521 723 1562 uon
744 1508 917 1576 pretermittit,
939 1495 1034 1558 solent.
1075 1502 1119 1558 Ac

88 1598 125 1636 ne
139 1578 187 1656 ipsr
200 1579 313 1670 puidetn
328 1579 420 1648 Siculi,
441 1580 476 1637 ad
500 1579 673 1639 lellivitatem
694 1583 762 1651 nati,
790 1579 878 1656 &qui
900 1577 980 1655 primi
994 1577 1120 1637 omnium

88 1657 234 1714 comoedrae
254 1672 384 1734 putantur
402 1659 576 1725 inventores,
592 1660 676 1717 alium
697 1660 766 1717 illius
786 1656 878 1726 linem,
904 1675 987 1732 quam
1006 1657 1035 1714 τδ
1054 1655 1119 1738 χρή·

86 1761 171 1811 erpo,
192 1736 220 1792 id
232 1737 279 1804 etl,
301 1734 457 1806 utilitatem,
477 1737 629 1814 posuerunt.
671 1740 716 1799 De
732 1737 897 1812 Epicharmo
908 1735 1097 1794 Theocritus:

169 1821 262 1900 llebtrc‘
272 1813 323 1894 yeip
333 1816 418 1875 erne,
426 1813 489 1892 {aar
499 1824 549 1883 τοῖς
557 1817 648 1876 marein
658 1816 710 1876 rim
715 1811 843 1898 mesenae.

169 1892 282 1968 Μεγάλαι
291 1892 365 1973 χῶςις
379 1891 456 1972 autes.

127 1967 165 2027 Id
184 1973 251 2048 quia
270 1969 342 2028 secus
360 1972 387 2028 in
405 1969 540 2040 comedia
552 1973 673 2052 antiqua,
692 1973 780 2032 statim
794 1967 905 2031 defecit.
946 1969 979 2028 In
992 1987 1119 2048 quaome

89 2047 137 2108 uia
151 2047 168 2106 a
182 2051 337 2107 veritate&
357 2049 549 2108 consuetudine
571 2052 670 2122 aliene,
691 2052 745 2109 boc
764 2051 810 2120 ess,
841 2069 903 2108 rere
927 2057 1024 2123 ymera,
1045 2047 1119 2106 &ad

88 2127 172 2186 risum
195 2129 457 2204 erant'comparata.
478 2125 568 2206 'Qir
596 2146 652 2188 non
674 2130 758 2200 ridet,
777 2147 841 2188 curn
864 2125 1019 2205 exemplum
1043 2127 1118 2202 vim,

89 2224 171 2284 pater
195 2206 318 2264 omniurn
342 2207 483 2276 virtutum,
516 2207 573 2283 ipsa
599 2208 765 2276 innocentia,
797 2205 928 2284 probitas,
962 2225 994 2263 ac
1020 2205 1116 2276 virtut,

91 2287 218 2343 Socrates
230 2284 362 2350 ridetur}
383 2303 444 2342 cunr
464 2286 492 2342 in
514 2286 596 2344 corbe
618 2285 776 2344 fellirislirne
797 2282 1023 2362 philosophatur?
1043 2301 1118 2355 cum,

89 2380 161 2443 quot
173 2361 256 2441 pedes
265 2364 347 2440 pulex
360 2363 445 2433 saliat,
467 2363 599 2422 subtiliter
610 2383 643 2422 ac
653 2365 821 2441 geometrice
830 2364 941 2422 metitur
955 2367 965 2422 l
985 2361 1118 2440 Pleraque

91 2445 166 2501 enim
190 2440 255 2499 salsa
276 2441 312 2498 de
334 2440 479 2501 sententiis
495 2443 718 2520 opinionibusque
741 2458 865 2502 veterum
885 2438 1120 2518 philosophorum,

91 2527 116 2577 se
130 2520 166 2577 ad
181 2521 260 2577 risum
272 2520 342 2577 latta
356 2536 403 2578 aut
413 2524 569 2597 excogitata
582 2520 649 2580 sunt.
690 2523 762 2598 Qtae
771 2522 904 2599 praecipue
917 2520 989 2577 hunc
1002 2520 1121 2579 excitare

90 2600 188 2658 solent.
230 2599 298 2656 Ideo
313 2619 362 2656 nec
375 2619 470 2657 omnes
484 2600 582 2669 Plauti,
603 2614 708 2659 tantam
727 2601 870 2657 materiem
894 2598 1010 2664 ridendi,
1030 2617 1118 2675 quan·

93 2694 150 2738 tam
166 2696 218 2733 una
231 2678 330 2753 quaerir
344 2678 380 2735 est
394 2678 604 2754 Aristophanicir
618 2676 781 2754 suppeditet.
822 2677 911 2737 Alteri
922 2677 994 2734 enim
1014 2677 1118 2748 omnia,

11 2774 19 2786 ‘
90 2756 172 2814 elteri
194 2774 281 2832 pauca
294 2775 341 2831 per
361 2758 386 2812 le
407 2776 436 2813 es
457 2756 584 2816 licebant.
626 2760 774 2826 Caeterum,
796 2771 826 2815 ut
845 2754 928 2814 modo
950 2752 1119 2824 dicebamur,

91 2834 224 2913 quicquid
238 2833 355 2891 maxime
375 2776 410 2892 ab
423 2835 523 2912 agendi
534 2834 726 2893 consuetudine
750 2850 797 2892 aut
810 2832 918 2892 dicendi
938 2832 1056 2897 alienum
1070 2834 1119 2903 ess,

90 2913 173 2972 risum
186 2914 307 2970 maxime
321 2932 430 2972 movere
450 2912 526 2971 solet.
564 2914 599 2972 In
611 2913 761 2985 sententiis,
781 2912 869 2990 qualia
882 2912 928 2971 illa
948 2911 1047 3027 cpmic'i
1059 2912 1121 2971 Ne·

91 2992 172 3051 bulis.

170 3073 224 3128 Καί
236 3095 274 3128 τοι
284 3074 392 3149 ωςέτεροι
403 3066 443 3127 τόν
451 3071 493 3127 Δί’
500 3066 600 3136 inesse
608 3069 671 3149 ᾂμηι
683 3069 725 3130 slei
738 3073 836 3130 emite
844 3066 909 3151 spele.

130 3149 167 3205 ln
180 3148 280 3214 yerbis,
311 3166 341 3205 ut
363 3167 425 3203 cum
447 3146 620 3206 suraciffimur
643 3149 743 3219 lervur,
762 3151 938 3216 melleam,
967 3143 984 3204 ὲ
1006 3144 1121 3206 domiuo

91 3241 216 3291 vocatur,
238 3227 284 3303 qui
298 3225 408 3283 laudare
422 3226 633 3285 taciturnitatem
647 3228 674 3284 in
684 3226 784 3285 eodem
798 3229 905 3284 videtur
920 3244 928 3282 t

143 3300 147 3310 ¹
175 3302 420 3385 Ἀλλ’έσεκρνψω·
462 3304 744 3385 τόνέμῦνγαςοῖκετὸν

171 3389 310 3445 Πιςὲκτατον
322 3380 421 3458 ἦγέμαῖ
429 3409 455 3441 er
466 3390 489 3462 tp*
502 3387 665 3447 nerninem.

130 3462 217 3538 Qod
232 3462 318 3536 ipsum
331 3464 469 3536 aliquanto
482 3462 632 3537 caligarius
645 3462 724 3520 Nero
734 3460 842 3529 extulit,
863 3462 910 3539 qui
925 3459 959 3521 de
974 3458 1022 3521 tali
1035 3456 1122 3530 servo,

93 3538 175 3596 Nulli
187 3541 293 3615 apedse
309 3539 368 3615 plur
380 3542 448 3616 fidei
460 3537 553 3596 baberi
566 3540 695 3598 dicebat:
716 3541 787 3598 nibil
795 3545 859 3597 enim
872 3547 895 3598 ee'
909 3537 1121 3618 nequejnrlusreeer

92 3616 310 3693 rreqrrefigrrutum
323 3618 378 3693 effe.
408 3619 465 3675 Vox
473 3624 539 3675 erim
549 3622 714 3689 abaelis-erec,
740 3634 845 3677 tantum
857 3620 938 3689 abest,
961 3635 992 3676 ut
1009 3617 1123 3677 sermoni

93 3699 239 3752 convenire
252 3696 338 3771 poffit,
358 3696 459 3759 ‹ir-stile
472 3694 540 3755 ᾰυτὲ
559 3699 601 3760 erle
617 3697 726 3758 διάλυσιν
747 3697 877 3770 (dicerent
895 3698 1002 3756 subtiles
1027 3696 1123 3754 barum

93 3792 185 3830 rerum
195 3772 313 3848 judices)
333 3771 461 3836 πολιτικὴν
472 3774 540 3833 εἶναι·
562 3776 615 3833 hoc
626 3778 674 3844 est,
696 3796 728 3834 ur
741 3794 775 3833 ne
789 3777 900 3853 quidem
915 3794 983 3833 voce
997 3774 1051 3831 alia
1065 3792 1126 3849 quae

94 3870 157 3908 eam
171 3853 318 3929 exprimat,
340 3850 526 3925 consuetudini
539 3867 587 3910 aut
605 3853 660 3911 osui
684 3854 888 3915 accommodari
900 3854 984 3931 posbt.
1028 3850 1127 3927 Itaque

95 3931 248 4006 corrumpit
272 3939 380 4000 vocem,
401 3930 481 4007 plane
494 3945 524 3988 ut
538 3929 648 4002 faciem,
669 3935 716 4008 qui
737 3932 772 3990 src
795 3950 906 3991 movere
919 3931 999 3989 risum
1014 3932 1128 4008 cogitat.

95 4008 197 4083 Qelia
210 4026 295 4084 prope
306 4007 410 4067 infinita
428 4009 624 4085 Arillopbanit.
659 4010 793 4086 Exemplo
806 4008 855 4067 srut
873 4010 1051 4075 diminutiva·
1068 4006 1131 4085 qu'ae

97 4098 153 4147 tam
166 4086 312 4166 diligenter
326 4089 406 4149 tertio
421 4088 636 4149 Rhetoricoruru
658 4088 686 4148 in
700 4087 770 4148 illiue
789 4087 946 4167 Rabyloniir
960 4108 1008 4149 rex
1020 4089 1130 4149 critico·

1067 4186 1131 4227 runt

744 4351 751 4379 s
