2892 4775
352 86 891 193 reauurtarta

101 211 295 293 discrepantia,
316 225 374 272 tum
395 214 541 276 monslrosa
565 215 664 274 alicubi
687 208 779 276 otiant'
792 217 1012 296 depravationet
1033 229 1064 278 ιιι
1083 216 1139 278 suia

105 295 173 356 locis
193 294 371 350 oliendetnus.
413 295 496 369 Qud
511 314 559 366 cur
573 288 684 352 tandem
708 315 753 356 me
777 296 858 354 lateri
883 293 1013 376 ἰιιςείιιιὲΙ
1031 297 1142 358 udettl

106 373 162 432 Par
174 373 211 429 eli
226 391 318 430 autern
331 374 406 447 quod
420 373 535 448 publicae
546 370 564 429 ti
576 372 653 429 nobis
668 374 840 433 studiosorum
867 375 979 436 utilitati
999 315 1091 446 «litut,
1111 373 1141 434 id

104 449 289 526 qualcetiam
311 467 418 526 cunque
440 450 665 508 boniroosulere.
706 451 993 530 Praelletaliusquivls
1027 471 1141 512 uantum
1209 485 1212 494 ·

106 529 180 605 bpst
201 545 252 586 nec
265 522 389 588 dubitent
404 530 480 585 omni
494 527 689 588 asseveratione
702 525 862 588 confirmare
876 549 972 606 parunt
987 473 1056 590 aseri
1080 531 1142 592 sote

104 608 185 682 quod
211 609 240 663 in
254 608 389 666 Terentio
412 608 472 684 quis
495 606 645 677 desiderare
669 607 781 667 habeat.
824 609 1142 668 Variam‘interdumek

107 703 235 744 veterum
255 686 395 743 radiorum
419 682 602 755 citationibur,
632 690 657 743 δι
677 688 850 763 antiquorum
874 687 945 746 inter
967 687 994 746 se
1014 687 1141 746 codicum

106 763 289 840 repugnantia
311 761 454 822 leslionent
475 761 612 828 indicati;
643 765 682 824 ita
696 763 808 824 demum
831 751 898 842 qirid
926 766 993 824 mihi
1013 767 1142 842 videatur

105 839 271 924 nonjeslorie
289 839 399 900 subditis
416 843 566 912 ollendms,
585 842 700 900 liberum
725 859 755 902 ut
778 861 870 902 tamen
891 843 984 900 leclori
1001 841 1140 918 judicium
1167 896 1168 899 ,

107 919 218 997 semper
230 921 391 994 relinquam.
432 921 495 995 Qa
509 923 535 976 iu
550 939 578 976 re
592 921 660 980 mihi
675 921 740 981 nihil
753 920 805 979 suit
819 921 918 998 potius,
938 918 1022 1002 quim
1038 921 1141 980 ntDo·

106 1001 181 1068 nati,
202 993 368 1076 ubicumque
391 997 495 1070 liceret,
516 997 599 1059 fidem
623 996 755 1076 sequerer,
776 1001 930 1077 interpretis
951 991 1141 1077 undecumque

108 1073 265 1148 duiliffimi
285 1078 320 1135 rib
344 1095 443 1155 eoque,
463 1095 497 1134 ne
521 1075 694 1159 transuersum
720 1076 843 1155 quidem,
870 1095 900 1136 ut
913 1079 1001 1144 aiunt,
1021 1079 1141 1156 digitum

107 1154 303 1220 discederem
322 1155 366 1214 sed
380 1158 449 1214 citra
468 1154 679 1233 superstitionem
701 1172 805 1226 tamen,
825 1162 850 1214 dr
870 1176 932 1216 cum
948 1155 1054 1231 judicio
1070 1155 1142 1216 sem-

107 1253 173 1312 per.
214 1235 354 1304 Ceterltrn,
375 1234 437 1292 citur
449 1231 588 1314 plerosque
601 1231 659 1293 sore
671 1232 844 1312 suspicemur,
864 1239 911 1312 qui
927 1231 999 1314 qudd
1014 1235 1141 1294 carminis

90 1307 95 1316 ’
108 1312 249 1370 rationem
262 1312 397 1390 ignorent,
418 1315 463 1371 rix
477 1311 540 1390 apte
550 1311 610 1370 satir
624 1314 666 1371 his
679 1313 715 1371 de
728 1314 807 1371 rebus
818 1311 943 1390 judicare
956 1329 1077 1392 queantt
1098 1313 1141 1373 ri·

108 1389 171 1452 sum
187 1392 224 1450 esi
236 1389 363 1468 subjicere
375 1393 504 1450 nonnulla
527 1391 583 1463 hic,
614 1412 676 1470 quae
696 1391 893 1468 velutjtnuaut
917 1391 1093 1470 patelariant,
1113 1395 1140 1450 de

110 1469 201 1539 uiam,
221 1486 254 1544 ut,
263 1470 371 1538 dicitur,
386 1470 563 1547 praemuniant
577 1471 797 1548 imperitioribus,
813 1491 868 1548 quo
881 1475 980 1530 certius
994 1469 1030 1528 de
1042 1489 1140 1550 recog-

105 1549 220 1620 ‚uitione
234 1550 319 1606 noslra
328 1548 463 1622 judicium
476 1549 575 1620 streete,
595 1553 620 1607 ir
641 1549 802 1622 sententium
824 1550 894 1608 serre
909 1549 1010 1624 possint.
1052 1547 1141 1628 igitur

109 1629 215 1689 comici
235 1627 343 1686 Plautus
364 1629 548 1686 &Terentius
572 1640 662 1686 metro
686 1627 741 1687 sere
757 1643 867 1686 utuntur
881 1629 924 1685 vel
944 1625 1073 1704 iambico,
1095 1627 1140 1688 vel

112 1705 269 1776 trochaico,
288 1706 333 1763 vel
354 1723 469 1786 utroque
491 1705 568 1762 simul
588 1704 708 1767 confuso.
750 1706 911 1776 iambicum,
933 1707 975 1766 vel
990 1707 1140 1766 Monome·

106 1788 188 1841 'rrn'm
198 1786 245 1853 esi,
265 1785 339 1867 quod
352 1785 457 1842 duobus
470 1785 585 1861 pedibus
596 1783 757 1861 implicibus
780 1786 902 1850 constan
923 1786 967 1843 vel
979 1785 1140 1856 dimetrum,

111 1862 340 1942 quodquatuort
362 1865 404 1921 vel
429 1864 591 1932 trimetrum,
614 1862 689 1940 quod
703 1857 758 1932 sex,
777 1865 825 1940 qui
846 1867 871 1920 ir
894 1861 990 1921 senarii
1011 1863 1141 1922 dicuntur

106 1940 159 2002 M.
174 1940 271 2000 Tullio
290 1943 316 1997 de
337 1943 404 2002 Fab.
419 1939 590 2016 Quintiliano
601 1963 610 2006 t
632 1941 675 1999 vel
698 1957 888 2000 tetrametrum
909 1941 985 2019 quod
998 1943 1071 2014 osio,
1089 1941 1141 2019 qui

111 2021 280 2098 ¹&quadrati
292 2021 459 2096 appellantur
479 2025 505 2076 dc
523 2018 663 2077 osionarii.
704 2021 747 2078 Ex
760 2019 830 2078 hisce
848 2020 972 2078 trimetro
985 2021 1093 2090 comici,
1114 2023 1141 2078 dr
1230 2032 1231 2041 ¹

113 2111 279 2157 tetrametro
291 2098 408 2156 maxime
419 2115 530 2154 utuntur
545 2117 552 2156 :
573 2097 636 2154 alias
650 2095 722 2167 rard,
736 2101 761 2156 n
774 2099 800 2156 in
814 2097 906 2156 medio
920 2097 977 2156 seri
991 2097 1069 2171 (sicut
1081 2097 1141 2158 Pri·
1193 2152 1197 2162 .

113 2174 218 2234 scianus
225 2176 377 2244 annotavit)
388 2175 558 2234 dillinftionis
572 2176 660 2232 cauri.
702 2177 784 2256 Qud
800 2177 834 2234 ad
848 2165 928 2253 pedet
941 2179 1048 2249 attinet,
1072 2177 1141 2234 iarn-

113 2253 185 2324 bici,
206 2253 305 2332 magnai
318 2255 444 2312 libertate
461 2254 559 2312 comici
572 2253 755 2312 indifferenter
770 2253 856 2314 ubivis
880 2270 984 2332 ponunt
1006 2255 1140 2326 iambum,

115 2333 286 2411 tribrachyn,
306 2334 476 2411 atrapaellum,
505 2331 652 2409 dactylum,
679 2329 844 2409 spondeum.
885 2333 917 2392 in
945 2333 997 2391 sine
1021 2335 1142 2407 plerum·

113 2429 173 2489 que
187 2430 235 2470 aut
247 2412 378 2478 iambum,
399 2430 446 2469 aut
461 2412 656 2487 pyrrhichium,
675 2430 811 2490 nunquam
826 2412 872 2471 nist
886 2412 913 2469 in
925 2410 1048 2472 scazoote
1062 2412 1143 2489 spon-

115 2492 219 2554 daeum.
241 2491 336 2550 Utitur
350 2487 497 2547 Terentius
511 2489 579 2568 saepe
589 2493 616 2547 io
630 2491 759 2559 iambico,
767 2491 837 2567 pede
850 2507 966 2567 quatuor
980 2490 1142 2565 syllabarum

116 2568 243 2627 brevium
257 2567 505 2646 proceleusmatico,
529 2568 611 2646 idque
632 2587 681 2645 per
703 2569 893 2627 resolutionem
918 2568 1044 2644 spondaei,
1070 2580 1101 2627 ut
1114 2570 1143 2627 in

116 2646 227 2707 Andria
240 2668 248 2704 :
269 2648 352 2705 Mala
365 2670 441 2715 mens,
453 2646 537 2704 malus
546 2652 665 2714 animust
686 2669 756 2724 quem
769 2650 863 2725 quidem
875 2668 918 2723 ego
926 2646 952 2724 st
956 2648 1064 2725 ,sensere
1086 2643 1143 2706 Hic
1172 2664 1175 2671 '

116 2724 236 2785 secundo
249 2725 309 2785 loco
323 2726 358 2781 cll
372 2725 638 2800 proceleusmaticus:
653 2726 679 2782 in
694 2724 809 2783 endem:
835 2722 892 2785 ‘lili
898 2745 1018 2800 generum
1024 2726 1144 2801 firment,

118 2802 237 2878 &filia
249 2809 363 2861 invenies
379 2809 492 2861 vir-um:
514 2802 560 2861 hic
573 2806 660 2881 prima
674 2806 784 2881 regione
799 2802 871 2861 idern
887 2822 942 2879 pes.
983 2803 1029 2861 Eli
1048 2819 1144 2861 autem

117 2881 222 2958 duplex
232 2882 340 2940 iambici
356 2900 446 2957 genus,
474 2881 589 2939 alterurn
603 2885 705 2939 reslum
719 2882 902 2957 perseslumve
916 2900 1051 2945 vocaturr
1072 2880 1140 2945 alte·
1162 2900 1170 2919 ⁰

118 2949 282 3039 ιυιιισκῖιζοι
302 2963 346 3035 eol
364 2958 517 3039 xtftepsut
538 2959 612 3033 cujus
634 2961 812 3037 penultimam
837 2960 864 3017 io
887 2959 938 3017 sue
955 2962 1065 3039 longam
1087 2957 1141 3019 csse

118 3055 240 3119 oportet.
281 3038 427 3114 Utriusque
439 3039 562 3095 meminit
576 3040 701 3105 Ovidiur,
722 3058 783 3095 cum
801 3039 896 3095 canit:
1054 3048 1057 3053 '
1179 3050 1181 3055 '

200 3115 279 3175 liber
290 3122 318 3173 in
328 3115 448 3189 ariverfiu
460 3114 694 3192 hastetstrirrrntur
706 3116 806 3173 iambus

199 3195 249 3253 Seu
261 3196 328 3252 celer
341 3210 492 3261 extremum,
499 3197 547 3267 serr
559 3196 654 3251 trahet
667 3196 713 3253 ille
719 3200 817 3270 pedem.

161 3272 258 3335 Uritur
271 3272 420 3330 identidem
441 3274 526 3331 Poeta
550 3272 668 3330 iambico
690 3292 848 3331 tetrametro
872 3270 1039 3343 cataleiliro,
1058 3270 1085 3331 id
1100 3274 1148 3356 el,

120 3351 165 3411 rui
180 3351 280 3427 syllaba
293 3352 320 3408 in
332 3349 384 3409 bne
397 3350 464 3410 delit
480 3373 488 3417 ;
507 3372 562 3429 quo
582 3353 609 3407 in
623 3352 780 3411 caraleclico
794 3352 841 3411 sibi
855 3354 924 3409 inter
938 3353 991 3409 aha
1012 3354 1064 3407 hoc
1078 3372 1148 3429 quo·
1223 3368 1232 3389 ι
1277 3430 1280 3437 Ι

119 3449 176 3507 que
189 3431 332 3505 permittit,
363 3446 392 3485 ut
414 3448 462 3504 pro
482 3430 631 3504 penultima
650 3430 742 3507 longa,
773 3429 845 3487 haud
871 3427 931 3489 rard
958 3428 1024 3488 duos
1048 3432 1144 3501 breues

160 3523 218 3575 nar,
237 3509 310 3585 quod
326 3504 405 3583 facist}
419 3508 465 3585 qui
481 3507 568 3565 versus
586 3510 613 3565 in
628 3507 686 3565 suos
700 3507 780 3587 pedet
795 3509 918 3585 digerere
933 3510 1016 3577 volet,
1041 3508 1074 3565 stc
1098 3510 1148 3565 ha-

120 3526 187 3656 ζέω
201 3590 360 3662 comperiet.
404 3588 434 3643 ln
451 3586 591 3645 trochaicis
601 3590 699 3644 comici
713 3584 854 3645 indiscrete
871 3587 1003 3645 interdum
1028 3586 1150 3660 dallyloe

120 3666 166 3721 nel
181 3668 313 3723 trochaeos
328 3682 442 3741 ponunt,
463 3665 589 3722 nimirum
610 3684 666 3741 quo
687 3662 756 3740 penti
770 3666 893 3722 disioluta
907 3669 931 3723 se
944 3666 1057 3743 pedeslri
1071 3662 1151 3724 simii·

120 3742 186 3799 lima
202 3744 254 3801 effe
279 3745 400 3801 rideatur
416 3743 586 3816 personarum
607 3744 794 3801 sermocinatio
806 3768 814 3807 3
836 3741 909 3817 cujus
930 3744 984 3819 ipse
1005 3742 1152 3801 Priscianus

118 3822 271 3899 meminitr
293 3823 363 3899 apud
388 3840 470 3897 quem
498 3820 652 3877 Vislorinus
673 3840 725 3877 non
751 3824 838 3879 minus
860 3818 954 3889 libere,
981 3818 1062 3897 quim
1087 3816 1151 3879 verb

120 3902 172 3965 air,
193 3903 321 3962 comicos.
350 3900 414 3955 dum
429 3899 618 3975 quotidianum
632 3898 782 3957 sermonem
797 3900 897 3958 imitari
911 3902 1041 3968 nituntur,
1062 3916 1154 3958 metra

121 3978 219 4034 vitiare
242 3978 340 4045 lludio,
361 3997 416 4036 non
431 3978 588 4054 imperitiae
609 3978 684 4055 quod
706 3978 924 4055 &Terentianus
947 3978 1055 4053 teslntur
1080 3977 1153 4053 hisce

121 4054 252 4131 peribus:

210 4135 340 4210 fidemque
345 4136 420 4209 fili's
432 4138 490 4193 dum
496 4131 759 4209 procuranrscsusis,

200 4210 525 4295 tenerenturne,
547 4212 722 4294 mi'sft'litt'·
836 4242 868 4265 ··
893 4234 898 4245 ·
1062 4212 1161 4300 Turta
