2892 4775
483 67 1113 202 nuocaoomnna

302 253 374 312 inter
386 249 445 310 illos
454 249 518 320 suit,
532 253 558 307 fe
570 236 690 326 adlego:
702 267 748 306 eat
761 247 840 326 platte
850 245 877 306 se
888 245 1049 326 composuit.
1081 245 1165 325 Quod
1178 245 1215 307 de
1227 245 1335 309 Plauto

215 339 219 347 '
302 328 480 390 nemodicet.
520 327 566 385 Eli
587 325 770 405 &frigidum
788 324 863 404 qnod
886 324 1160 403 longeabeoabesi,
1180 325 1254 405 quod
1278 341 1329 384 aut

303 407 366 477 effe,
386 421 436 466 aut
455 400 528 484 p'oss'e
544 405 601 464 fieri
615 420 734 482 putatur.
775 401 863 480 Quale
884 403 931 470 eil,
949 417 1031 480 pugno
1046 409 1177 480 frangere
1196 403 1329 480 elephanto

303 483 448 557 brachium,
467 484 570 541 horiola
582 490 610 541 in
623 482 728 541 retium,
733 486 881 558 pervenire.
922 481 967 538 Est
980 486 1005 539 a
1019 479 1158 558 frigidum,
1178 499 1239 539 cum
1254 485 1293 538 ita
1312 477 1330 539 d

304 562 432 621 familiari
453 561 575 620 sermone
596 562 684 618 oratio
706 559 821 629 recedit,
842 573 873 617 ut
896 555 932 616 ad
955 557 1031 618 usum
1054 560 1169 638 ampliu:
1191 557 1328 620 transferri

303 657 432 719 nequeat.
472 641 544 699 Tale
556 640 593 697 et
605 637 672 696 illud
684 637 803 697 ibidem:

380 719 411 776 Si
424 733 486 776 anie
502 719 582 774 lucem
594 723 634 774 ire
648 721 756 793 occipias
768 715 786 773 a*
796 735 846 774 tneo
856 722 938 794 primo
950 721 1057 787 nomine,

381 794 532 855 concubium
540 795 578 874 stt
589 800 677 864 noeiis,
694 793 839 872 priusquam
851 798 1044 872 aepostreoum
1059 799 1218 872 perveneris.

342 875 445 934 Crdfcit
460 889 549 932 tumen
563 872 701 949 frigidum,
722 891 784 929 curn
800 871 876 931 addit
889 875 967 944 alter,

383 957 454 1029 Opus
459 959 525 1029 face
536 954 572 1027 efl
586 949 621 1009 Θ
637 955 742 1009 viatico
755 954 793 1008 ad
801 965 872 1010 turem
884 973 981 1021 nemen,
999 959 1030 1008 itt
1044 965 1073 1008 tu
1088 951 1226 1028 praeires.

343 1031 415 1109 Qae
427 1029 445 1086 si
459 1030 558 1107 pedem
571 1048 655 1087 noum
670 1043 746 1086 extra
760 1027 865 1099 scenam
883 1028 962 1099 ferat,
976 1031 1102 1109 protinus
1116 1027 1260 1105 putissent:
1281 1046 1331 1086 ne·

304 1128 361 1189 que
373 1109 409 1167 ad
422 1109 497 1190 ultim
510 1109 638 1187 applicari
651 1122 788 1185 poterunt.
809 1107 908 1188 Qualia
921 1125 970 1166 nec
983 1105 1083 1184 Scipio,
1097 1125 1146 1164 nec
1157 1105 1265 1176 Laelius,
1280 1107 1331 1164 flou

305 1187 464 1256 nobilitatis,
475 1188 520 1246 vel
533 1189 560 1245 in
573 1184 651 1244 scena
661 1183 858 1262 approbassent.
879 1184 1033 1244 Plutarchus
1044 1199 1128 1255 certe,
1142 1199 1218 1242 extra
1232 1183 1331 1242 libera·

305 1265 372 1325 lium
381 1265 487 1324 theatra
497 1284 529 1323 ac
536 1263 689 1331 dubiorum,
698 1263 782 1323 libore
791 1265 905 1344 relegat.
913 1261 1030 1320 Ridiculi
1040 1263 1112 1320 enim
1123 1280 1155 1322 ac
1165 1262 1249 1339 inepti
1258 1261 1330 1333 sunt,

305 1347 354 1420 qui
368 1345 467 1420 plebeis
488 1359 593 1420 tantum
613 1342 692 1401 scribi
711 1341 876 1400 comoediam
891 1341 1062 1404 eadsimant:
1083 1358 1144 1398 cunr
1164 1359 1217 1398 tton
1242 1340 1332 1401 mittut

306 1423 417 1480 eruditis
431 1421 570 1481 scribatur.
609 1419 730 1498 Qud&
745 1419 852 1480 Flaccus
865 1419 959 1483 scivit:
980 1419 1027 1498 qui
1047 1437 1101 1478 non
1115 1416 1167 1476 stne
1181 1413 1269 1488 causa,

384 1500 515 1568 Creditur,
534 1522 568 1557 ex
581 1503 659 1557 medio
673 1503 733 1580 quia
747 1519 787 1554 res
800 1499 913 1574 urcefflt,
931 1495 1026 1554 babere

329 1611 332 1615 .
382 1579 485 1637 sudoris
497 1582 647 1643 nrinimum:
661 1579 711 1648 sed
720 1573 798 1633 babet
818 1573 941 1635 comasio
954 1589 1028 1632 tanto

384 1656 447 1713 Plus
463 1661 553 1725 oneris,
573 1653 765 1732 quantiveniae
775 1659 865 1712 minus.

346 1733 456 1794 Deinde
469 1749 562 1793 autem
574 1732 700 1791 Plauti&
714 1731 823 1790 Dosseni
839 1733 921 1792 utitur
934 1731 1070 1810 exemplo,
1090 1751 1158 1810 quos
1177 1729 1279 1790 securos
1294 1730 1332 1790 de

303 1812 411 1891 judiciis
424 1814 565 1870 dodlorum
580 1811 629 1870 ait.
650 1812 687 1868 Et
697 1811 755 1868 haec
765 1811 800 1868 ad
814 1809 945 1879 divinum,
962 1829 989 1868 ut
1000 1811 1058 1886 jam
1071 1809 1137 1880 dixi,
1150 1827 1183 1868 ac
1194 1808 1332 1872 subudum

304 1897 335 1951 in
355 1892 395 1950 bis
419 1889 579 1968 principem,
598 1888 673 1964 cujus
692 1908 743 1948 nec
760 1887 891 1964 judicium
907 1909 955 1948 nec
968 1905 1127 1948 caeterorum
1147 1889 1272 1966 ignorare
1296 1909 1331 1952 ea

306 1970 465 2047 tempestate
478 1969 577 2045 potnit,
599 1971 625 2024 se
638 1965 712 2040 cujus
721 1965 857 2042 judicium
869 1970 956 2026 vereri
969 1967 1110 2034 debuisset,
1132 1967 1177 2022 nili
1191 1965 1264 2024 idem
1280 1967 1331 2024 ali-

305 2066 384 2105 orum
398 2045 494 2106 suisset.
535 2049 599 2126 Jam
610 2045 659 2111 illa,
668 2045 825 2122 Epicharmi
846 2046 973 2116 imitatio.
997 2061 1027 2104 ut
1049 2045 1219 2114 festivissima,
1239 2046 1291 2113 ita,
1310 2044 1331 2102 fi

305 2125 337 2183 stt
350 2125 483 2202 frequens,
497 2125 598 2202 frigore
612 2142 666 2182 non
680 2138 769 2182 caret:
790 2142 851 2200 quae
865 2119 906 2195 lit,
928 2143 990 2182 cum
1012 2123 1055 2181 vel
1072 2120 1135 2179 salsa
1150 2139 1334 2199 opponuntur,

306 2217 354 2264 aut
366 2201 513 2277 subjeetum
526 2203 598 2261 idem
611 2202 648 2258 eli
661 2220 724 2260 cum
738 2201 894 2280 praedicato.
914 2203 956 2262 Ut
969 2221 1031 2260 eunt
1046 2201 1223 2278 Epicharmus
1241 2201 1328 2261 dixit:

383 2285 456 2340 Titia
468 2283 509 2358 pair
521 2288 541 2341 ἓν
556 2281 630 2347 τ’ἇνοκ
641 2276 691 2352 byn*
703 2279 737 2350 tir,
756 2285 818 2360 nsua
831 2279 854 2354 di
867 2281 941 2364 inupti
953 2279 1035 2351 τῆιοις,

384 2357 454 2416 sunt
465 2365 535 2419 inter
548 2360 606 2419 illos
616 2379 660 2437 ego
674 2380 757 2429 eram,
777 2375 838 2417 tune
852 2364 923 2436 apud
932 2359 1000 2439 iiior.

345 2437 389 2496 Bis
409 2440 482 2496 enim
505 2437 579 2496 idem
592 2436 678 2494 dicit:
699 2456 760 2514 qum
781 2436 816 2495 esi
838 2436 908 2496 fraus
931 2440 957 2496 itt
972 2438 1060 2496 verbis
1074 2451 1172 2516 praeter
1184 2435 1355 2513 expedisti·

305 2532 397 2573 onem.
412 2514 491 2574 ldem
504 2533 596 2580 autem
620 2515 656 2573 eli
672 2533 735 2574 cum
756 2514 902 2595 pradicato
916 2516 1082 2593 subjedutn:
1103 2533 1134 2577 ut
1150 2518 1178 2575 itt
1193 2516 1244 2575 illi:
1260 2516 1333 2575 Cur·

306 2594 361 2653 cul.
391 2595 445 2651 Att
458 2595 512 2653 IV.
529 2596 605 2653 Scen.
622 2590 676 2651 IV.
1030 2644 1032 2649 .

346 2750 365 2809 s
385 2673 456 2748 Qui
467 2674 562 2733 homini
574 2672 626 2731 Dii
628 2668 695 2744 sunt
703 2675 825 2751 propitii,
844 2677 868 2731 ei
881 2696 931 2733 ron
945 2674 990 2751 ff
1002 2678 1087 2733 iratos
1095 2686 1168 2753 puto.

369 2752 460 2809 ticbo:

344 2906 370 2965 c
384 2829 408 2885 E
421 2830 496 2916 malit
509 2827 712 2903 multicornium
727 2830 796 2907 quod
802 2832 933 2889 minimum
942 2830 989 2909 est,
1002 2833 1032 2894 id
1037 2834 1169 2892 minimum
1179 2831 1215 2904 est
1225 2827 1335 2889 molani
1379 2826 1381 2831 ’

372 2922 490 2983 apttvts:
1346 2916 1350 2923 '

313 3013 317 3020 ·
382 2988 437 3045 Hor
450 3008 509 3063 quor
523 2990 618 3045 videsis
628 2988 707 3061 fiere
729 2990 845 3067 captivos
857 2988 926 3058 duur,
971 3020 978 3035 ·

362 3061 516 3135 ,Historia
536 3068 688 3129 nonsedent.
1327 3106 1332 3115 .

343 3142 414 3219 Quo
432 3142 490 3217 jam
506 3143 578 3203 dotti
592 3144 765 3221 collegerunt.
788 3142 872 3203 Unde
886 3148 911 3205 se
923 3142 999 3203 illam
1012 3140 1108 3205 summi
1129 3142 1216 3205 critici
1241 3142 1307 3205 cens
1322 3172 1336 3191 ·

306 3236 365 3279 tam
379 3236 499 3279 meruit:

313 3311 315 3318 ·
384 3300 497 3431 glaucus
509 3302 548 3358 ad
556 3300 684 3377 exemplar
703 3297 787 3359 Siculi
799 3314 939 3379 properare
953 3300 1104 3379 Epicharmi

415 3380 502 3434 icitur.
1123 3392 1133 3405 “

342 3454 506 3531 Qarquam
521 3454 582 3512 sane
595 3454 659 3513 alibi
673 3472 728 3513 non
744 3458 879 3515 invenuste
895 3456 925 3514 iis
939 3454 996 3514 usus
1009 3457 1053 3514 est.
1094 3458 1164 3534 Qae
1177 3452 1330 3515 Menander

305 3544 409 3601 tamen,
430 3538 456 3589 se
480 3535 571 3611 imago
594 3533 660 3608 ejus,
681 3534 716 3591 de
739 3554 795 3611 quo
815 3554 885 3593 nunc
899 3536 997 3615 agitur,
1020 3538 1180 3603 Terentius,
1202 3552 1330 3611 tanquam

305 3628 369 3667 cttm
391 3612 511 3687 periculo
534 3610 685 3685 conjuncta,
707 3610 773 3671 serio
798 3614 931 3691 fugerunt.
975 3616 1044 3673 Haec
1064 3632 1113 3691 pro
1135 3614 1194 3669 viro
1213 3614 1334 3671 maximo

306 3688 447 3753 Horatio:
462 3710 550 3769 neque
563 3690 686 3747 advorsus
697 3692 820 3749 Plautum
835 3692 906 3749 dicia
919 3691 988 3759 sunt,
1007 3711 1088 3769 quem
1105 3708 1233 3753 amamus,
1251 3686 1334 3767 suspi-

305 3768 400 3834 cimus,
422 3768 570 3844 diligimus,
584 3786 617 3825 ac
629 3787 797 3827 veneramur.
833 3770 937 3827 Verum
953 3784 982 3827 ut
992 3768 1124 3847 judicium
1139 3766 1173 3825 stc
1187 3786 1332 3825 acuamus:

305 3841 381 3902 simol
396 3860 426 3902 ut
445 3848 516 3905 acuti
539 3848 588 3915 ilii,
609 3846 683 3923 quod
699 3846 823 3903 videntur
836 3847 893 3917 fibi,
914 3850 952 3904 ita
974 3848 1155 3905 facetissimum
1178 3844 1334 3920 scriptorem
1410 3842 1411 3847 ¹

305 3940 409 3984 ament.
424 3923 524 4001 legant,
539 3926 664 3994 tractent,
687 3940 769 4001 atquc
784 3924 901 3983 ediscant
916 3924 998 4003 (quod
1021 3930 1045 3982 u
1060 3926 1129 3981 resle
1142 3928 1166 3981 dt
1181 3922 1277 3980 ordine
1298 3924 1334 3979 ab

305 3999 336 4057 is
349 3999 404 4055 fieri
419 3999 544 4071 fatemur,
565 4003 737 4079 nequeenim
752 4004 811 4059 satis
825 4003 1010 4061 commendari
1034 4000 1129 4079 potell)
1146 4016 1175 4058 ut
1190 4018 1238 4057 nec
1252 4000 1333 4077 plane

269 4129 273 4136 ,
304 4082 330 4133 δι
349 4076 448 4151 ubique
462 4082 597 4137 veteribus
611 4079 733 4157 probalie
747 4078 772 4136 se
786 4084 974 4139 meminerint:
996 4086 1029 4149 st,
1051 4082 1125 4157 quod
1142 4080 1186 4137 hic
1201 4080 1333 4154 pracipue

305 4155 463 4231 spectamus,
484 4157 518 4211 de
532 4156 652 4214 Horatio
676 4154 785 4235 ejusque
800 4158 866 4226 crist,
888 4164 974 4217 minuc
987 4160 1080 4215 'libere
1095 4156 1257 4235 loquuntur:
1278 4158 1335 4214 Te-

304 4234 384 4293 rentii
406 4249 497 4292 auttm
517 4237 625 4309 miram,
646 4253 679 4295 ac
704 4256 790 4315 prope
816 4236 981 4299 ineffabilem
1005 4240 1204 4309 umoenitattm,
1227 4236 1335 4311 eligan-

578 4332 583 4343 ·
741 4336 764 4351 ··
916 4336 921 4351 ¹
1049 4346 1054 4353 ·
1180 4346 1182 4351 ·
1270 4332 1336 4378 tulli
