2892 4775
146 165 253 254 ,txt'jl

501 165 1138 281 enoneoomuun

390 294 510 368 Agnovit
523 310 641 359 metrum,
654 299 803 370 servatque
816 293 949 354 Terentius
960 313 1045 358 artem
1058 319 1068 354 .·
1115 327 1121 332 ·

392 371 463 434 Nam
471 371 590 450 prologus
602 379 722 432 trimetro
732 375 823 432 didicit
833 391 975 451 conrponert
989 372 1080 450 versu,

388 449 572 525 Scenarurnqae
584 456 656 509 atlas
665 455 762 526 primus
768 454 830 530 pede
842 453 1040 512 clauditeodem.

354 525 604 664 Quantpuamcertlt
624 527 733 598 Fabios,
755 549 809 588 non
832 531 925 589 sletilse
947 532 1017 598 intra
1032 532 1168 589 trimetros
1191 529 1345 608 deplorati

314 604 351 680 de
373 625 429 684 quo
461 623 520 665 orte
540 604 603 664 alitis
626 604 723 665 dicturi
745 604 843 676 sumus.
881 609 931 666 'Ad
953 609 1068 668 alterum
1083 609 1235 686 priusquam
1249 612 1346 668 venia·

313 703 386 763 mus,
405 685 541 762 tquaedam
561 685 750 761 praemittenda
770 701 858 746 erunt.
899 689 970 746 Com
995 687 1097 747 eadent
1120 681 1263 746 comoediae
1280 707 1347 766 pro·

316 763 465 842 petundum
478 761 527 823 seut
541 781 631 841 partes
641 783 673 822 ac
688 763 838 842 tragoediae‚
857 764 915 823 finit
933 785 1043 846 quoque
1057 783 1182 844 exparte
1202 767 1285 832 idem,
1309 785 1346 824 ent

317 857 395 923 parte
410 841 537 908 diversus,
557 841 643 899 multa
652 841 703 899 esse
715 845 821 920 utrique
832 846 987 903 communia
998 847 1100 916 necesse
1110 846 1166 903 est.'
1197 845 1346 904 Deleslare

318 922 393 980 enim
414 939 446 976 ac
469 920 568 977 docere
582 921 618 978 cll
637 919 799 979 comoediae:
830 941 919 1000 neque
943 923 1030 981 minus
1045 925 1140 982 comici
1154 923 1297 983 διδάσκαλοι
1321 927 1347 980 lt

317 998 571 1077 κωμῳδοδιδάσκαλοι,
590 1018 673 1076 quam
699 998 793 1076 tragici
812 995 828 1058 ὲ
851 999 955 1058 Gratis
978 1001 1110 1058 dicuntur.
1151 1005 1213 1060 Nec
1233 1019 1347 1060 mutere

257 1114 259 1122 ·
318 1081 400 1138 risum
415 1078 476 1134 sane
489 1077 625 1135 constituit
637 1079 812 1147 comoediam,
834 1079 879 1136 sed
903 1080 990 1157 plebis
1008 1081 1152 1156 aucupium
1166 1081 1214 1147 esl,
1236 1079 1343 1136 &abo-

303 1155 368 1216 .sus.
408 1157 484 1214 Nam
498 1154 650 1224 ridiculum,
672 1172 702 1214 ut
726 1157 796 1214 nesle
817 1157 982 1226 Aristoteles,
1003 1160 1147 1234 vitiumest
1167 1153 1203 1215 ld
1217 1161 1347 1234 soeaitas,

317 1234 411 1294 doloris
421 1239 509 1306 expers
521 1257 529 1297 ι
550 1256 609 1311 qttae
615 1235 717 1310 partem
732 1235 866 1292 introire
876 1236 991 1312 aliquam
1005 1241 1143 1313 corrumpit
1151 1234 1240 1312 absque
1249 1233 1346 1292 ncorbo.

319 1315 394 1374 Sicut
418 1313 490 1370 sceda
511 1316 535 1369 δι
556 1311 778 1382 detornatam,
799 1313 817 1370 st
839 1313 912 1372 nullo
926 1333 986 1372 cum
1004 1313 1099 1372 dolore
1122 1311 1149 1369 id
1173 1312 1229 1382 fiat,
1263 1312 1347 1380 risum

318 1405 424 1451 mouet.
465 1390 567 1450 Uudei
589 1388 645 1450 sum
654 1409 765 1468 quoque
779 1390 869 1454 risum.
889 1411 983 1452 omnes
996 1390 1055 1449 sere
1067 1390 1239 1469 antiquissimi
1252 1390 1347 1468 philo·

321 1469 398 1546 sophi
409 1467 549 1544 indignum
563 1411 695 1551 lapienter
707 1468 874 1543 judicarunt.
916 1468 995 1527 Adeo
1010 1487 1039 1528 ut
1052 1469 1140 1537 Plato,
1162 1485 1291 1550 tanquam
1307 1467 1320 1524 l
1337 1502 1348 1514 ·

321 1549 463 1625 crilegum.
485 1561 626 1605 traducere
648 1567 704 1606 non
727 1549 835 1606 dubitet
853 1549 974 1622 Homer.
997 1547 1044 1624 qui
1065 1547 1181 1605 ridentes
1195 1547 1347 1606 introduxit

322 1629 399 1687 Deos
412 1649 421 1690 ;
434 1627 508 1699 quod
524 1627 550 1680 in
564 1625 675 1684 homine
689 1646 744 1684 non
753 1625 798 1694 τῆς
809 1625 881 1686 carel
892 1632 970 1700 λύγοι,
981 1646 1073 1684 verum
1084 1626 1126 1692 ric
1138 1626 1210 1686 racel
1220 1626 1347 1694 alcinoo,

321 1704 554 1783 quemadmodum
576 1703 726 1782 philosophi
739 1704 895 1782 loquuntur,
914 1705 1041 1772 δαδίσιως
1064 1704 1094 1760 fit
1106 1703 1229 1780 lignumt
1260 1703 1348 1781 eiquo

323 1785 404 1862 longe
418 1783 489 1840 abell
507 1782 600 1840 Deus:
621 1783 688 1847 citri
701 1783 716 1845 ri
728 1781 872 1856 irrumpo,
884 1790 907 1864 ις
917 1781 1025 1850 αὐτέιιις.
1065 1783 1187 1846 Undess
1189 1781 1274 1860 helpis
1286 1801 1293 1838 :

438 1863 510 1940 Ὀςᾳς
520 1863 556 1920 ὅτι
566 1859 625 1926 Zetit
637 1862 695 1940 τῷδε
706 1859 818 1946 reparatio
826 1861 893 1932 Scor,

439 1951 476 1997 Otr
487 1940 596 2011 ψῖὗδθι,
614 1937 653 1998 tili
661 1944 763 2016 respector,
783 1942 882 2020 ιδμωςδν
892 1947 966 2015 pilum

438 2015 542 2088 Ἀσκιῖι,
552 2022 581 2078 ‘ri
593 2016 614 2077 δ’
622 2019 663 2081 niti
676 2019 756 2095 pel&
765 2016 799 2078 tt'te
810 2025 920 2095 intio-tat.

360 2097 453 2170 Quare
467 2095 595 2154 divinitus
607 2097 642 2154 ab
657 2099 801 2155 Aristotele
811 2095 912 2156 dislum
924 2099 969 2168 ell,
983 2112 1086 2176 partem
1098 2096 1267 2175 turpitudinis
1283 2094 1346 2164 elle,

254 2197 259 2210 ·
321 2174 451 2250 idquod
470 2176 505 2231 cll
529 2175 681 2232 ridiculum.
723 2175 830 2233 Diserte
843 2177 915 2234 enim
930 2178 978 2246 ait,
998 2179 1035 2236 let
1055 2179 1084 2236 τὸ
1102 2186 1200 2250 γελοῖον,
1221 2179 1296 2257 pipin
1315 2174 1352 2233 nti
1433 2215 1439 2226 ·

323 2254 490 2332 αῖσχςυίςὶι.
531 2253 576 2310 Ita
597 2273 657 2329 quae
677 2253 720 2310 uel
745 2255 771 2310 in
792 2254 880 2312 verbis
903 2257 1042 2313 nullorum
1057 2257 1099 2313 vel
1114 2255 1235 2324 sensibus,
1266 2253 1348 2310 telin

323 2332 446 2391 sermone
464 2329 606 2389 hominum
625 2330 749 2401 &sallia
771 2347 817 2389 aut
830 2332 938 2391 detorta
952 2333 1019 2403 lunt,
1051 2349 1098 2391 aut
1111 2333 1266 2411 depravata,
1287 2331 1347 2388 ani·

325 2429 384 2469 moe
408 2409 529 2485 plebeios
552 2410 728 2469 uehementer
748 2428 867 2477 movent,
888 2412 975 2470 &hoc
988 2411 1044 2489 ipso
1058 2412 1136 2470 risum
1158 2426 1187 2470 ut
1200 2412 1348 2489 plurimum

324 2487 474 2547 excutiunt.
517 2488 636 2564 ldtoque
659 2488 785 2546 inusitata
811 2487 884 2546 diua
910 2496 935 2547 δι
956 2490 1091 2559 obl'coena,
1111 2493 1275 2567 optimorum
1299 2506 1347 2544 ca-

324 2567 485 2636 villationes,
516 2568 678 2642 srnmtlotum
701 2568 888 2638 contumelias,
922 2568 1064 2627 sententias
1091 2568 1236 2645 perversas,
1269 2564 1347 2623 ided-

324 2665 379 2723 que
401 2646 593 2720 inexpectatae,
613 2646 722 2722 alioque
744 2643 771 2702 id
792 2664 875 2721 genua
900 2648 997 2723 (qualis
1020 2648 1136 2705 imitatio
1159 2646 1291 2703 diuorum
1305 2644 1349 2700 uel

324 2726 468 2793 laetorum,
489 2728 513 2779 de
534 2723 664 2799 imprimis
687 2724 885 2800 improborum)
916 2724 994 2783 risum
1019 2722 1137 2783 maxime
1158 2724 1185 2781 in
1199 2720 1349 2790 comoedia,

322 2822 407 2880 quam
421 2818 542 2863 veterem
555 2800 694 2867 dicebant,
714 2802 861 2879 expressisse
873 2804 984 2860 constat.
1025 2803 1106 2881 Qud
1122 2802 1284 2879 intelligunt,
1300 2801 1349 2879 qni

324 2882 437 2957 genium
450 2880 556 2940 ridiculi
566 2881 719 2955 intelligunt
739 2897 821 2959 atque
835 2881 966 2939 indolem.
1007 2882 1092 2956 Cujus
1105 2880 1223 2958 segetem
1237 2879 1349 2957 largissi-

323 2978 398 3016 mam
421 2961 464 3014 uel
479 2978 549 3017 unua
560 2958 751 3037 Aristophanes
772 2958 944 3037 suppeditat;
965 2961 1011 3036 qui
1035 2979 1088 3017 non
1114 2956 1198 3029 modo
1211 2957 1350 3026 Plautum,

323 3036 369 3095 sed
383 3036 555 3113 quoscunque
577 3036 629 3094 hac
651 3040 680 3095 in
700 3052 777 3113 parte
789 3036 934 3113 superavit,
955 3037 1099 3114 omnesque
1112 3034 1144 3097 eti
1156 3040 1240 3112 ymolu
1253 3036 1351 3095 modos

323 3135 357 3175 ac
382 3116 479 3192 figuras
501 3112 657 3190 lepidissimi:
674 3116 804 3190 expressit.
846 3116 973 3193 Denique
999 3132 1027 3173 ut
1045 3132 1163 3185 acetum,
1194 3114 1240 3173 nist
1255 3117 1349 3173 vinum

298 3250 303 3257 ,
322 3194 355 3252 sit
369 3210 535 3267 corruptum,
558 3214 660 3253 nonum
675 3213 812 3271 nunquam
825 3194 898 3257 eritt
920 3198 958 3253 ita
970 3214 1030 3270 quae
1043 3194 1141 3253 sincera
1165 3192 1223 3251 sunt
1236 3196 1260 3250 δι
1274 3210 1348 3260 vera,

324 3271 405 3331 risum
431 3291 567 3349 nunquam
592 3271 761 3329 excitabunt.
804 3268 932 3347 Appostte
953 3271 1145 3350 Qintih'anus,
1168 3270 1213 3329 ubi
1236 3272 1271 3327 de
1285 3268 1351 3329 ridi·

326 3352 390 3406 culo
404 3371 412 3407 ι
428 3350 464 3405 Et
478 3349 579 3407 hercule
593 3356 670 3408 omnir
676 3350 754 3423 salsa
768 3354 865 3407 dicendi
875 3353 944 3407 ratio
957 3355 985 3407 in
998 3372 1024 3407 eo
1035 3358 1081 3424 est,
1095 3364 1124 3405 ut
1134 3352 1214 3407 aliter
1221 3371 1295 3425 quarn
1304 3351 1352 3419 est,

297 3470 302 3480 .
325 3436 422 3485 tellum
448 3450 589 3502 ‘uerumque
607 3432 721 3485 dicetur.
762 3430 857 3503 Qare
874 3433 900 3483 dt
919 3430 1079 3505 compositus
1102 3427 1135 3484 ad
1160 3429 1238 3505 risum
1251 3424 1348 3495 sermo,

296 3552 300 3559 ι
325 3506 361 3565 ab
372 3526 493 3565 erantne
504 3510 588 3574 recte,
609 3526 692 3582 quem
717 3505 841 3569 temerarie
864 3508 979 3584 ntogillri
999 3524 1108 3576 vocant,
1131 3526 1213 3597 quem
1236 3504 1351 3583 longiffi-

318 3580 463 3653 ,mei‘real
475 3584 576 3655 neccll'e
589 3588 626 3641 cll
641 3605 649 3641 ἱ
671 3584 745 3659 cujus
761 3586 875 3663 propriae
887 3600 1007 3653 virtutes,
1020 3586 1036 3649 ri
1048 3600 1206 3661 caporum
1222 3586 1350 3652 institerunt,

323 3662 463 3739 ὖᾰφιλεια,
477 3661 492 3725 ni
504 3660 621 3734 ὲλὴδιια,
637 3666 814 3740 perspicuitas,
835 3668 955 3737 requitur,
970 3664 1135 3741 strnplicitas,
1154 3666 1269 3729 veritas,
1299 3681 1351 3739 po·

324 3760 433 3800 nuntur.
474 3742 579 3818 Quin
604 3759 682 3819 parte
709 3740 787 3818 supra
814 3743 1021 3799 admirationem
1050 3742 1170 3799 omniunt
1198 3738 1351 3797 Menander

323 3821 396 3895 apud
410 3821 533 3888 Grecos,
554 3819 700 3885 Terentius
723 3816 855 3879 Romanis
878 3819 960 3877 fucrit
983 3819 1085 3877 necesse
1100 3820 1154 3875 est:
1175 3820 1221 3895 qui
1244 3833 1272 3873 ut
1287 3819 1352 3874 vitiu
1398 3828 1400 3831 ’

321 3890 529 3974 sapientibus'ac
542 3897 653 3955 eruditis
665 3897 835 3974 voluptatem
860 3900 949 3976 potius
963 3899 1099 3965 afferrent,
1124 3916 1206 3972 quam
1230 3908 1351 3973 quacun-

293 4011 304 4041 ι,
320 3978 488 4052 queratione
503 3973 583 4033 risum
593 3991 795 4053 extorquerent,
817 3976 917 4053 duplici
926 3975 1101 4049 jucunditate
1116 3974 1260 4031 utilitatem
1278 3974 1351 4049 (imi-

322 4054 426 4111 tatione
445 4056 508 4111 uitae
537 4054 636 4111 scilicet
659 4055 795 4123 humanae,
825 4055 1028 4113 &inimitabili
1055 4055 1158 4129 lepore)
1179 4051 1350 4115 condierunt.

322 4129 407 4188 Metu
420 4132 493 4189 enim
512 4131 699 4189 Macedonicae
720 4134 861 4209 potentiae,
882 4134 991 4190 licentia
1013 4134 1141 4210 antique,
1165 4146 1194 4189 ut
1208 4130 1353 4190 observant

322 4210 420 4280 critici,
438 4208 558 4293 defecit..
590 4209 939 4288 Cujutlocumoecupavit
964 4230 1046 4271 nova.
1087 4208 1171 4285 Cujus
1195 4214 1221 4267 a
1235 4208 1352 4271 sormam

948 4308 958 4349 ι
1287 4306 1356 4349 nou·
