2892 4775
329 638 1051 779 suREN'rsero
1181 758 1188 767 .

69 886 1374 1237 unumunurn·

50 1228 1246 1395 DELPHINO.

122 1488 1178 1655 Luoovrc1MagniF1u10.

65 1806 613 2090 TERENTIUM
667 1817 774 1916 Tibi,
833 1817 1111 1903 Duunuruu
1167 1824 1245 1904 Su·

216 1971 515 2058 nnurssrtun,
544 1974 635 2027 cum
660 1948 775 2029 Notis
796 1976 840 2029 ac
859 1950 1156 2031 Commentariis
1185 1980 1245 2035 re·

216 2074 307 2156 cens
335 2077 495 2177 editum,
525 2076 582 2175 ea,
623 2076 698 2187 quai
729 2106 798 2189 par
828 2078 895 2177 est,
933 2080 1153 2180 reuerentiai,
1183 2080 1245 2164 of·

65 2198 130 2285 fero
143 2245 155 2301 ς
181 2230 337 2303 munus,
370 2224 413 2286 ut
443 2205 561 2316 sper0,
594 2233 671 2287 non
697 2206 886 2317 ingratum
899 2248 912 2303 3
941 2225 1027 2287 tum
1049 2209 1141 2317 quia
1158 2227 1245 2293 tuos
1295 2203 1303 2221 '

67 2328 95 2410 in
121 2333 201 2414 usus
232 2352 409 2446 paratum
439 2334 506 2434 est,
536 2354 620 2416 tum
648 2336 736 2444 quia
755 2363 873 2446 genus
892 2334 969 2418 hoc
986 2340 1245 2450 amoeniorum

66 2457 237 2548 literarum
257 2463 389 2546 lubens
407 2492 450 2546 ac
468 2463 573 2546 laetus
591 2462 746 2572 excipis.
803 2466 948 2574 Qanti
962 2465 1121 2547 Potitum
1140 2467 1246 2551 hunc

66 2581 216 2674 iteneris
234 2592 333 2704 pene'
352 2595 564 2704 unguiculis
577 2593 781 2690 aestimaris,
810 2613 890 2676 tam
910 2595 1088 2678 omnibus
1105 2616 1245 2681 notum

65 2719 118 2817 eii,
142 2721 260 2832 quim
276 2723 372 2804 Tibi
390 2721 609 2835 gloriosbm.
666 2723 795 2834 Hujus
814 2727 879 2805 Tu
898 2723 1041 2804 fabulas
1060 2727 1245 2809 notium&

66 2847 256 2964 diurnaique
290 2883 409 2936 manu
447 2853 626 2952 versabat,
666 2853 813 2964 lepidos
844 2855 987 2962 ubique
1024 2853 1113 2935 sales
1143 2855 1243 2938 belle

66 2977 153 3088 supra
169 3003 320 3064 aetatem
340 2985 545 3080 mirabaris,
574 2987 614 3065 bt
632 3000 713 3062 tam
732 2980 885 3064 venuste
904 2983 1095 3080 recitabat,
1123 2983 1244 3094 quam

66 3105 114 3188 ille
129 3113 314 3224 scripserat
337 3114 536 3224 eleganter.
594 3112 713 3194 Hunc
742 3141 832 3224 ergo
850 3113 976 3220 Regio
996 3111 1146 3192 nomini
1173 3131 1243 3195 tuo

66 3233 324 3326 insoribendum
347 3243 453 3340 duxi,
477 3243 594 3354 que'm
607 3245 672 3323 Tu
686 3271 761 3354 prae
774 3241 1069 3323 caeterisLatinae
1080 3241 1242 3352 Linguae

66 3376 256 3455 auitoribus
274 3374 463 3471 didicisti;
492 3393 535 3454 ut
554 3368 744 3482 quantbm
764 3372 859 3452 Tibi
882 3372 1008 3451 attulit
1034 3370 1180 3452 botibe
1199 3377 1240 3455 bt

68 3503 257 3613 voluptatis,
277 3501 427 3585 tantbm
447 3505 482 3585 ei
500 3504 627 3614 gratias
645 3501 779 3584 referas
797 3529 842 3582 ac
860 3501 1028 3610 praefidii.
1087 3501 1123 3582 Is
1135 3502 1241 3584 enirn

67 3629 126 3736 jam
156 3665 205 3734 es,
254 3636 526 3716 Dnnuntnu
577 3633 938 3727 Sonentssrmn,
985 3629 1052 3740 qui
1089 3631 1240 3739 ingenia

70 3783 182 3868 quanta
208 3765 294 3864 fint,
324 3764 418 3844 tanti
445 3759 604 3844 aestimes
617 3803 630 3858 3
660 3763 700 3843 bt
729 3761 930 3840 nouorum
956 3757 1162 3840 hominum
1182 3761 1240 3841 fa·

70 3915 152 3973 mam
168 3913 237 3975 tuo
255 3923 333 3975 non
352 3889 501 3976 tantbm
520 3891 743 4001 patrocium,
772 3889 836 3969 sed
862 3890 986 4002 etiam!
990 3890 1137 3996 judicio
1156 3909 1242 3972 tue-

72 4019 131 4104 aris.
181 4025 288 4105 Hinc
307 4023 350 4104 fit
368 4043 411 4103 ut
430 4049 568 4128 magna
587 4015 886 4113 commendatio,
916 4038 1102 4126 magnum
1120 4019 1259 4112 laudis!

73 4139 204 4252 publicae
224 4154 485 4262 praejudicium
507 4149 575 4248 stt,·
593 4148 687 4227 Tibi
705 4150 893 4226 nondum
913 4149 1138 4228 adolescenti
1157 4150 1241 4258 pia·

73 4279 167 4362 nisse.
224 4285 342 4384 Quod
362 4283 521 4392 quidem
540 4279 580 4359 in
599 4278 661 4357 Te
680 4274 849 4386 praestitit
877 4275 1019 4402 sapiens
1049 4305 1092 4356 ac
1115 4279 1243 4358 sedula

76 4412 211 4512 pueritiae
249 4435 321 4498 tuae
358 4411 553 4502 institutio.
608 4409 844 4513 Qanquam
878 4405 983 4484 enirn
1023 4405 1118 4486 inest
1147 4402 1243 4487 Tibi

597 4563 619 4616 a
648 4561 671 4621 2
777 4614 780 4623 ,
1057 4537 1246 4645 quidquid
1304 4606 1418 4676 n
