2892 4775
373 129 407 199 Τ
424 123 461 200 E
484 119 520 198 R
545 123 579 198 E
603 119 650 198 N
666 123 701 199 T
720 125 745 198 I
763 125 804 200 A
822 124 868 200 N
886 127 933 203 Ar*

114 252 202 326 verti,
224 253 392 323 Hermolae‚
413 251 496 312 valde
510 273 584 333 amo,
605 272 687 331 quem
711 265 746 309 ne
769 252 818 310 ista
835 253 949 332 quidem
968 257 1160 332 ptaettrierint.

118 337 177 395 Sed
192 353 276 412 perge
289 333 323 390 ad
336 335 451 410 reliqua.
493 323 606 392 llrtnin.
626 335 742 410 Pergam
758 330 841 408 igitur
854 333 888 389 ad
903 333 967 404 illan·
983 354 1044 411 quae
1058 336 1160 396 suntin

116 414 222 473 eadem
237 413 353 469 fabula:
1043 443 1049 470 ,1

201 493 315 550 Hottine
327 503 388 545 erat
396 507 496 565 aequnm
506 507 539 545 ex
550 489 622 545 illius
634 507 712 555 more,
733 507 769 542 an
781 485 860 544 illum
874 510 908 547 ex
920 489 995 566 bajus
1009 495 1109 550 vivere
1121 499 1138 553 ἒ

202 569 242 626 Bt
251 566 316 644 quid
325 566 398 624 illurn
409 566 558 642 infimulant
570 569 671 636 durum,
684 569 715 622 id
720 567 775 622 'narr'
787 567 822 638 est
837 587 848 621 .·

200 646 274 704 Nam
284 657 420 722 parentum
432 649 540 723 iry'uriae
553 648 692 717 uniusmodi
695 644 761 715 sunt
766 642 868 716 ferm).

199 725 327 782 ¹Scortari
336 719 422 780 crebri
434 723 543 779 nolunt:
566 724 653 780 nolunt
658 719 750 779 erebri
764 725 950 781 convivarier.

161 802 247 883 Qod
262 817 339 859 extra
352 800 438 858 tersus
450 801 549 860 eadem
568 802 596 858 in
610 802 742 878 margine,
764 796 919 876 posuitque
935 801 1051 862 literulit
1075 799 1112 861 tll
1133 803 1160 862 de

119 883 188 943 hoc.
231 881 388 957 Virgilius:

204 959 334 1016 Hunccine
342 972 378 1026 te,
400 957 524 1032 Euryale,
538 955 659 1033 ospicio?
694 1010 696 1021 ,

163 1040 229 1113 Qo
250 1038 322 1094 ledo
339 1035 517 1102 animadverti
541 1055 595 1092 non
610 1052 671 1095 tam
686 1032 757 1092 belle
771 1029 837 1106 diei,
859 1032 935 1091 Hanc
948 1057 992 1114 ego
1010 1051 1044 1106 te,
1070 1037 1158 1112 Eury·

118 1117 177 1190 ale,
192 1119 269 1185 aliia,
289 1114 364 1192 quod
385 1114 422 1171 est
444 1115 471 1170 ln
484 1114 558 1171 libris
570 1114 705 1183 omnibus,
727 1131 811 1190 quam
833 1113 963 1183 hunccine,
989 1114 1064 1192 quod
1080 1119 1107 1172 in
1124 1119 1157 1174 ll·
1231 1129 1238 1157 ²

119 1196 161 1255 lo.
202 1195 300 1252 Ponte.
321 1189 407 1250 Rene
421 1190 448 1249 id
461 1192 572 1268 quidem
585 1189 802 1251 animadversum
816 1192 862 1248 aba
876 1208 906 1262 te
920 1194 967 1258 eil,
994 1195 1155 1260 Hermolne,

114 1275 178 1333 'Illa
190 1274 262 1329 eninr
277 1270 462 1346 inlertogantis
471 1287 533 1338 vox,
545 1269 574 1327 N
587 1269 621 1340 E,
634 1269 734 1328 doloris
749 1274 772 1328 dr
785 1269 902 1348 querelis
917 1271 1059 1348 aptilbm'a,
1071 1263 1158 1350 q'nnm

121 1354 227 1431 repetit
242 1349 340 1406 eodem
352 1347 427 1406 versu
439 1349 569 1424 Virgilius
581 1367 590 1404 t

204 1457 281 1477 -
292 1427 361 1488 ‘ltine
370 1427 422 1484 illa
427 1429 539 1499 seneeiae

205 1512 272 1566 Sera
283 1527 346 1563 meae
359 1511 626 1582 requies.-·—-

164 1585 194 1644 Si
210 1586 278 1644 desit
292 1583 422 1661 prioribus
445 1584 476 1640 iis
496 1584 525 1641 in
548 1585 646 1652 verbis,
668 1604 730 1660 qnae
750 1580 862 1659 qnitlem
886 1583 972 1643 verba
994 1583 1090 1643 endem
1116 1583 1156 1653 ui,

121 1664 223 1723 eodem
250 1669 302 1720 orit
322 1659 607 1739 spirit'u'moerort'eque
631 1665 815 1738 proferuntur,
851 1663 917 1722 desit
937 1665 1022 1721 'etima
1051 1668 1161 1740 egregia

118 1742 256 1801 densus&
275 1741 366 1818 figurae
387 1740 553 1798 concinnitas
579 1742 682 1798 necesse
705 1744 751 1798 est.
792 1739 845 1798 Sed
868 1741 951 1798 velim
971 1740 1035 1798 scire
1059 1759 1093 1796 ex
1121 1757 1158 1806 te,

130 1818 307 1898 polleaanim
322 1821 392 1876 bunc
412 1819 441 1875 in
461 1819 551 1876 locum
566 1817 651 1876 sermo
670 1838 716 1877 me
737 1817 864 1897 perduxit
882 1818 957 1888 tuus,
980 1835 1008 1874 ut
1022 1813 1056 1873 de
1071 1819 1160 1891 Eury-

123 1900 164 1958 ali
185 1900 280 1956 matris
302 1898 496 1955 lamentatione
517 1897 698 1972 loqueremur,
718 1897 851 1954 existimes
876 1915 910 1953 ne
933 1893 1003 1954 reite
1025 1895 1071 1953 illa
1094 1895 1160 1970 dici,

123 1997 189 2056 quae
201 1977 238 2035 de
251 1995 296 2044 eo,
316 1976 363 2052 qui
375 1973 457 2051 panld
469 1973 578 2032 inferint
591 1977 637 2045 est,
658 1975 735 2034 versu
749 1972 841 2034 attulit
853 1975 972 2046 Servius,

205 2053 356 2110 --·Ntc
365 2070 391 2112 te
400 2056 556 2127 tttafitnera
568 2067 653 2112 mater

128 2167 155 2186 ¹.
209 2134 469 2201 Produxitffl
559 2136 563 2143 '
809 2191 814 2199 ¹

167 2212 211 2270 Ut
218 2215 315 2284 funera
328 2209 359 2267 srt
369 2212 540 2285 profunerea
552 2207 677 2288 politum.
690 2207 725 2266 ad
741 2205 937 2286 mulieremque
950 2205 1080 2266 referatur
1094 2213 1106 2268 i

129 2291 243 2349 litant.
278 2289 323 2345 An
338 2303 368 2344 tu
381 2303 494 2344 metam
511 2289 643 2363 ignarum,
663 2289 808 2361 Pomponi,
829 2287 974 2364 Virgilinui
989 2287 1080 2354 moris,
1093 2305 1158 2342 ean-

116 2369 217 2436 ,doris‚
239 2382 321 2443 atque
343 2363 440 2440 judicii
454 2367 596 2437 existimas,
618 2383 647 2423 ut
660 2366 734 2444 quod
749 2365 815 2423 alibi
828 2365 956 2443 nusquam
971 2366 1078 2441 legitur,
1099 2383 1159 2422 cre·

128 2448 196 2503 dam
211 2444 325 2503 &Poeta
343 2445 493 2521 graviffimo
506 2444 691 2521 notandisque
705 2442 793 2501 verbis
805 2448 927 2507 omnium
940 2445 1086 2509 callidam,
1103 2444 1157 2503 bot

128 2526 158 2582 in
174 2527 236 2581 loeo
248 2522 322 2581 suille
335 2524 458 2585 ditium?
480 2525 546 2580 mihi
560 2522 671 2599 quidem
685 2542 738 2579 non
763 2523 793 2579 fit
807 2522 958 2584 veribmile.
999 2522 1043 2579 Illi
1056 2518 1073 2575 li
1088 2536 1158 2590 erat,

130 2602 304 2659 afferrecum
317 2601 462 2680 oportebat
486 2604 639 2677 exemplum
658 2599 768 2677 aliquod
793 2620 849 2678 quo
864 2604 1005 2665 niteretur,
1026 2600 1165 2671 asperim:
1212 2664 1215 2672 Ι

130 2681 242 2757 temque
258 2680 354 2736 leniret
367 2679 452 2736 ve'tbi.
493 2680 546 2736 Sed
560 2682 596 2736 de
619 2680 666 2737 illo
687 2681 826 2741 labienus.
866 2678 940 2738 Mrni
963 2678 996 2735 stc
1011 2676 1158 2754 legendum

130 2759 253 2825 videtur,
273 2756 291 2813 fi
304 2758 352 2813 tibi
365 2758 409 2815 uni
420 2756 579 2833 probabitur
590 2778 598 2814 t
1123 2773 1126 2782 ·

207 2864 324 2881 --
331 2834 419 2895 Necte
432 2838 677 2907 trajanensem

215 2916 440 2971 Produxe--

172 2993 238 3070 Qu
261 2994 287 3049 in
312 2988 387 3049 sensu
410 3008 493 3069 atque
517 2991 602 3051 verbo
626 2991 802 3050 nihildurum
816 3004 865 3051 aut
878 2990 1039 3060 violentum,
1059 3003 1106 3049 aut
1121 2990 1162 3048 in-

132 3068 231 3134 solens¹
252 3068 298 3127 led
320 3070 424 3125 summa
447 3072 532 3127 ctiam
557 3088 619 3128 cum
647 3072 785 3139 sermonis,
806 3086 864 3127 tum
891 3070 1089 3126 consuetudinis
1111 3070 1163 3125 ob·

57 3186 66 3198 .
132 3149 262 3216 lennatio,
281 3147 385 3205 summa
406 3148 503 3204 lenitas
526 3165 611 3225 atque
638 3148 839 3207 facilinslnet.
881 3149 1163 3205 Indot'iosnuttmli·

133 3226 247 3294 branna,
268 3243 298 3283 ut
322 3225 381 3281 sunt
405 3227 528 3302 plerique
554 3229 695 3284 vicinitate
715 3226 847 3303 deceptus
870 3241 938 3302 puto
960 3224 1086 3300 polloffiui
1112 3244 1162 3283 no·

133 3306 226 3374 minis,
248 3320 295 3360 tua
311 3307 413 3377 senna
427 3305 545 3379 primdm
559 3302 692 3382 scripsisse,
713 3300 776 3361 ebur
785 3311 881 3380 funere
894 3302 1021 3379 scriptum
1043 3302 1164 3379 legissent

133 3383 162 3440 in
185 3401 220 3438 eo
242 3393 322 3457 quem
350 3381 535 3441 describebint
562 3383 609 3459 ipsi
630 3382 710 3452 libro,
739 3380 922 3457 mendtimque
948 3380 1000 3439 elle
1027 3380 1163 3437 existima·

133 3460 240 3517 villent.
281 3460 388 3517 Pour.
421 3460 495 3517 Mihi
517 3465 629 3538 quidem
655 3462 714 3525 illa.
746 3461 907 3529 Hermolae,
941 3478 995 3515 non
1015 3460 1165 3533 probantur

135 3536 298 3606 iolbm‚'sed
322 3556 433 3612 magnas
458 3539 506 3595 tibi
521 3544 605 3596 etiam
618 3541 717 3615 gratius
732 3558 794 3614 ago,
817 3538 891 3612 quud
913 3536 1033 3613 Virgilio
1057 3538 1161 3593 rellitu·

1238 130 1325 209 xcvii

134 3618 187 3673 eris
214 3616 267 3672 hoc
290 3634 401 3691 quoqne
422 3616 448 3671 in
469 3617 530 3674 loto
547 3622 573 3675 dt
596 3617 783 3675 crndortm&
806 3610 972 3691 dignitatem
997 3614 1081 3683 suam,
1114 3618 1164 3671 ad·
1258 3648 1260 3651 -

134 3695 173 3751 do
198 3694 281 3750 etiam
309 3698 332 3748 tr
354 3695 543 3768 diligentiam:
575 3693 674 3771 meque
698 3694 892 3755 nihilomnino
908 3692 987 3748 fristra
1005 3690 1054 3748 abs
1077 3706 1104 3748 te
1118 3713 1167 3768 pe·

96 3806 100 3812 ·
130 3786 207 3853 ⁸tere,
229 3772 308 3827 valde
332 3772 448 3846 gaudeo.
491 3773 544 3829 Sed
559 3775 630 3831 refer
643 3791 670 3829 te
682 3774 717 3828 ad
732 3773 893 3829 Terentium
918 3786 1003 3827 tuum.
1045 3768 1164 3841 Hunni.

136 3852 206 3909 Sunt
228 3847 295 3907 verti
319 3851 346 3917 in
369 3851 467 3906 eodem
486 3851 811 3923 Heautontimorumeno,
832 3868 892 3926 quae
908 3849 957 3905 tibi
978 3846 1121 3923 explicem,
1143 3852 1169 3911 dt

137 3930 206 3987 illa:

179 4006 199 4061 S
200 4008 237 4073 riq
247 4006 409 4081 quirlseceris
419 4026 430 4062 .·

178 4082 318 4159 Susturrsti.
361 4080 418 4140 Sos.
447 4088 488 4162 stc
503 4088 660 4163 ejisalinm.
701 4080 768 4143 chr.
786 4086 901 4145 damin?
928 4082 989 4162 Syr,
1008 4104 1075 4162 -ergt
1097 4082 1174 4147 herne

219 4166 470 4243 waerandasest.
551 4164 669 4224 fitilla:
802 4228 804 4231 ,

599 4335 606 4345 .
656 4258 714 4327 tt
1104 4236 1180 4315 Qut
