2892 4775
321 184 873 279 toRoNrrANm
1017 290 1020 295 Α
1196 131 1279 266 om

412 316 470 376 Ubi
484 317 511 375 in
530 316 617 390 prima
631 314 727 385 Stena,

163 394 305 471 Propterea
319 390 531 473 quidlmviebar
541 394 700 452 liberaliter.
956 414 961 424 ’

125 474 184 531 Nos
191 472 335 546 servibas:
358 474 463 551 generis
475 472 532 548 ejus
545 472 722 551 suutscr'bam,
735 470 870 548 nescibam,
876 470 1035 548 savibam:
1050 470 1111 551 'ser-

90 550 179 613 viebas
192 572 247 609 non
262 553 365 627 patitur
375 550 472 611 versuo.

124 630 193 694 Ubi.
213 630 265 685 Sed
273 630 337 687 mibi
348 631 394 688 boe
406 630 595 705 malepsremest:
618 651 677 687 ram
685 631 772 703 isllraec
782 635 990 702 commemoratio,

163 708 250 784 Qafi
274 706 440 785 exprobratio
465 711 663 783 elsimmemorie
676 707 798 785 beneficii.
841 710 912 777 Nor,
933 712 985 768 Sat
1006 714 1043 768 mi
1066 710 1113 771 boc

89 785 275 863 molestumepl:
292 810 351 844 mam
358 789 446 863 isthec
456 792 656 844 commemoratio
666 790 710 861 est,
725 786 1114 870 Qossereprobratioimmemo-

89 864 259 938 rr'sbeaeficr'i.
302 868 356 936 ΜΞ,
377 865 490 942 pullulat
514 864 625 922 versuo:
656 884 689 923 oo
711 870 736 922 se
758 866 848 924 multis
868 864 1004 925 uliislocio
1028 869 1114 925 utitur

90 941 245 1009 Terentius,
266 943 325 1000 usus
347 959 428 1001 antea
450 943 539 1002 suerat
562 944 679 1013 Plautus,
701 942 738 999 ui
757 943 817 1002 sunt
843 946 932 1021 polleo
945 943 1116 1021 Virgilius&

88 1023 226 1080 Horatius.
269 1020 315 1099 Est
335 1020 409 1099 quod
424 1023 451 1079 iu
475 1020 570 1099 prioris
593 1020 680 1078 versus
694 1021 747 1078 fine
759 1023 932 1099 posuerimus,
953 1022 1019 1081 seuit
1035 1023 1114 1094 serito

89 1098 233 1161 uerborum
248 1102 376 1158 naturalis
393 1119 400 1157 :
421 1100 460 1159 ita
472 1100 587 1175 beneficii
598 1098 760 1175 syllabarum
771 1102 838 1158 nihil
849 1100 1016 1173 detrahetur,
1120 1153 1125 1161 .

164 1177 235 1248 Ubi,
259 1177 295 1234 ld
300 1192 408 1255 gratem
413 1178 495 1255 frerffe
507 1180 645 1253 adversum
655 1192 681 1235 to
689 1176 768 1235 babeo
777 1183 907 1258 gretiam.

124 1255 198 1323 Nos,
220 1258 336 1315 Gratum
350 1259 379 1315 id
388 1260 491 1334 fuiffe:
512 1256 636 1314 &nescio
649 1256 790 1334 quomodo
805 1259 892 1333 magio
905 1257 994 1334 placet
1006 1259 1115 1318 auribus

91 1332 199 1397 eruditis
214 1354 221 1390 ε
243 1336 354 1404 omitto,
375 1336 403 1392 id
417 1352 528 1414 quoque
541 1332 645 1392 versum
660 1334 800 1411 postulare.
840 1334 942 1412 Neque
955 1334 1020 1392 verb
1033 1336 1112 1396 dubi·

91 1429 119 1471 tu
130 1414 285 1489 quiusra'ffe
299 1412 357 1473 fieri
371 1413 542 1489 dissyllabum
556 1413 640 1491 magis
652 1415 683 1471 iis
695 1413 811 1490 placeat,
831 1416 879 1492 qui
892 1423 955 1473 cum
966 1433 1043 1473 aures
1057 1434 1112 1475 uou

91 1490 220 1558 babeant,
241 1490 294 1549 esse
306 1491 427 1568 religiose
440 1493 485 1549 ine
507 1494 526 1549 ti
543 1490 646 1549 volunt.

166 1567 238 1637 Ubi,
260 1568 306 1625 lta
311 1572 427 1646 fariam.
496 1592 523 1625 oe
534 1567 642 1647 primitm
651 1576 680 1629 ire
688 1570 738 1627 bac
751 1591 780 1627 re
789 1570 901 1646 praelioo
913 1566 971 1627 tibi.

124 1648 197 1708 Noe.
220 1649 255 1705 Ire
267 1669 297 1705 re
309 1649 380 1707 bac:
401 1646 475 1726 qubd
491 1648 568 1705 aliter
582 1650 647 1706 slure
660 1667 713 1717 non
728 1651 802 1725 possit
811 1646 910 1707 versus.

163 1725 237 1794 Ubi,
258 1724 374 1785 Liberius
387 1728 564 1801 vivendifreit
573 1730 701 1805 potestas:
723 1750 783 1784 mam
796 1742 883 1783 antea.

126 1803 169 1863 Ut
179 1802 270 1863 versus
280 1806 351 1863 ratio
365 1804 507 1875 habeatur,
518 1805 583 1862 elidi
599 1804 723 1863 Erasmus
736 1805 762 1861 in
772 1808 885 1863 vivendi
897 1828 914 1861 u
926 1806 1011 1865 uoluit
1022 1828 1116 1881 uuum,

94 1881 271 1960 fieriquefrer‘t
284 1883 509 1959 monosyllabum.
545 1883 606 1951 Not
619 1899 650 1941 ut
661 1883 786 1961 eslefuit,
801 1883 930 1955 syllabam
944 1905 1024 1945 uuam
1044 1890 1117 1964 apud

94 1960 163 2018 bunc
175 1961 324 2019 authorem
347 1961 421 2021 mille
447 1960 513 2019 loeis
539 1960 644 2027 scimur,
662 1964 702 2020 ita
725 1953 782 2020 illas
804 1962 831 2018 in
853 1966 977 2029 vivendi,
999 1965 1119 2026 elisiones

95 2036 351 2115 (penblctipseram
373 2038 516 2110 illufiortesl
538 2039 604 2109 illae,
631 2041 753 2117 inquam,
776 2038 896 2098 elifionet
921 2058 975 2097 nun
999 2044 1120 2120 agnosci.

93 2136 172 2174 mus:
193 2136 258 2174 cum
269 2118 415 2193 prasertim
430 2135 485 2177 tam
500 2118 552 2175 esle
565 2118 733 2195 ingeniosum
751 2118 817 2175 mihil
830 2118 861 2176 set
875 2119 986 2176 necesse.
1026 2122 1118 2201 Scrip-

92 2195 146 2251 isle
159 2198 325 2253 Terentium
337 2216 470 2273 putamus,
486 2194 546 2257 l'ur't
559 2199 672 2255 vivendi
681 2196 786 2255 liberius
797 2200 907 2273 poteslas
920 2218 929 2252 .·
959 2220 1019 2255 nam
1029 2207 1119 2272 anteo.

94 2272 174 2330 Nihil
190 2272 237 2331 bic
255 2292 367 2343 novum,
389 2276 454 2334 nibil
469 2293 522 2333 non
537 2275 686 2333 concessum
705 2276 903 2333 committitur:
925 2294 1013 2353 neque
1028 2292 1122 2348 tamen

95 2353 225 2410 orationis
240 2356 378 2414 venustate
391 2353 539 2434 quidquam
553 2353 721 2431 deperditur.

172 2430 245 2499 Ubi,
267 2430 403 2509 Nunqporrr
414 2447 560 2508 preponeres
563 2436 594 2507 se
606 2432 669 2502 illis,
690 2440 731 2490 ita
743 2433 927 2509 ulfacillimi·

115 2508 288 2646 immi?
301 2511 406 2594 sepliis
420 2533 568 2589 uunquam:
590 2513 629 2569 ita
642 2517 666 2570 de
681 2510 768 2572 versuo
778 2513 845 2583 vult,
867 2517 891 2568 de
905 2511 1033 2584 erubuerit
1046 2513 1121 2572 effle-

125 2605 246 2648 totuenu
270 2605 308 2649 ar.
361 2627 364 2634 =

96 2608 207 2725 glessiis
230 2665 282 2732 effe
308 2665 452 2746 legendum
474 2671 498 2725 se
525 2669 612 2727 codex
635 2688 679 2726 me
704 2669 810 2727 monuit
830 2669 1003 2743 pervetustus,
1026 2669 1123 2726 &aliie

97 2765 208 2823 quoque
231 2743 314 2803 video
334 2746 476 2824 placuisse:
500 2766 529 2807 ut
543 2767 596 2806 nun
622 2748 705 2805 modo
730 2746 766 2805 ab
778 2765 834 2813 eos,
855 2747 951 2823 quibus
970 2765 1031 2804 uum
1047 2747 1128 2810 Pum-¹

97 2825 185 2900 philus
199 2821 255 2892 uuir
268 2840 337 2893 erat,
352 2824 396 2881 sed
410 2827 445 2881 ad
463 2835 559 2886 omnes'
571 2827 692 2885 homines
710 2825 802 2886 referri
816 2827 902 2903 pollio,
926 2842 955 2885 ut
967 2831 992 2883 de
1003 2827 1032 2883 id
1046 2825 1123 2907 quod

98 2901 240 2980 praedit,
260 2904 385 2976 adversos
398 2907 498 2962 memini.

170 2980 243 3049 Ubi,
265 2981 325 3038 Sine
337 2985 440 3040 invidio
454 2983 554 3040 tardem
566 2986 694 3053 inueniat,
715 2982 751 3044 lb
763 2987 857 3041 amicos
865 2995 952 3059 parer.
1025 3006 1031 3012 ·

102 3134 112 3154 .
135 3058 221 3137 Quod
242 3059 404 3147 SePrisciani
426 3063 451 3116 se
476 3061 590 3118 nostrum
604 3063 668 3121 esset
685 3063 819 3139 judicium
843 3079 921 3120 anteo
944 3060 1122 3122 dicebamus:

99 3136 1126 3295 lllllssll'lllq‘llq'llslilglilli..llilllilllllil‘
1229 3216 1234 3224 ·

177 3294 248 3362 Ubi,
271 3296 340 3351 Nam
353 3300 397 3372 qui
406 3317 459 3353 cum
472 3299 578 3372 ingeniis
590 3299 756 3370 eonfiteretur
768 3299 893 3378 ejusmodi.

136 3371 211 3438 Νοε,
232 3374 357 3448 Numqui
370 3377 686 3450 eumingmiistonflr‘e‘lat
699 3379 824 3452 ejusmodi.
855 3373 900 3429 lta
913 3372 943 3429 itt
953 3370 1127 3444 Phormione,
1175 3435 1180 3440 ,
1265 3369 1272 3386 '

99 3449 237 3523 Nunquam
259 3453 316 3524 relus
338 3458 424 3520 verrit,
447 3467 475 3508 tet
494 3473 550 3508 curor
570 3453 709 3531 hujusmodi
722 3455 881 3527 confliliares
906 3451 981 3508 melo.
1016 3449 1127 3508 l'rubaei

98 3527 175 3584 euim
190 3529 257 3584 milri
273 3547 326 3584 non
337 3531 425 3605 potest
438 3530 527 3592 fecisse
551 3529 597 3586 hic
624 3533 785 3589 Terentium
809 3529 925 3608 rey'apmrli
952 3528 1129 3604 trisyllabum,

98 3596 175 3678 quod
199 3607 324 3682 quinque
346 3606 398 3664 elle
424 3607 583 3681 syllabae-um
610 3610 731 3668 concessa
745 3611 877 3666 vocalium
897 3606 1028 3663 diuisione
1049 3606 1127 3678 solet.

100 3681 168 3740 Non
193 3685 318 3741 dissimile
331 3685 469 3753 valdcesl,
493 3685 539 3743 rrifi
559 3682 632 3762 qudd
653 3687 810 3764 pudendum
835 3686 930 3764 magis,
951 3683 1026 3760 quod
1054 3684 1130 3741 idem

99 3763 210 3819 notavit
220 3763 248 3820 in
263 3762 309 3820 ill)
330 3765 393 3820 Asi.
410 3762 468 3823 Ill.
497 3767 576 3823 Scen.
592 3767 629 3833 II.
651 3765 710 3822 Note
724 3763 868 3841 imperabat
882 3761 980 3829 coreim,
1003 3765 1131 3837 quilopus

18 3855 19 3858 ’
93 3841 172 3911 satio
186 3842 247 3914 ep'rt
256 3855 399 3915 puerperae.
440 3843 487 3918 Est
496 3857 630 3920 puerpera
645 3844 808 3920 trisyllabum
823 3862 830 3896 τ
852 3839 947 3897 ebmfi
961 3841 1008 3896 siat
1019 3839 1132 3916 trisylla-

102 3913 178 3984 bum,
204 3920 291 3976 versus
306 3923 371 3976 slare
387 3922 537 3978 octonarius
550 3921 684 3978 lumbicus
706 3941 758 3978 non
773 3920 858 3996 possit.
1015 3955 1018 3962 -
1072 3927 1076 3933 '

182 3996 252 4062 Ubi.
275 3995 362 4072 Nque
374 4015 546 4058 eoramavetur
558 4004 658 4054 enimus
670 4005 697 4055 in
707 4022 738 4055 eet
748 4021 777 4055 re
789 4013 884 4064 tamer,

140 4073 216 4130 Sciat
223 4076 288 4152 poffe
295 4073 455 4148 boberejam
466 4077 607 4151 e'ppremsuae
618 4082 689 4132 vitm
699 4082 805 4133 modum.
835 4073 962 4131 Posterior
975 4075 1020 4133 bit
1032 4073 1135 4148 versuo,

105 4149 150 4214 rifi
158 4155 234 4225 scias
248 4169 327 4216 unum
337 4153 419 4210 socias
433 4153 573 4228 syllabam,
594 4155 685 4226 &sum
699 4157 763 4211 item
785 4170 877 4218 unam,
898 4169 1040 4216 numerum
1054 4150 1135 4214 excel

106 4226 155 4288 dir.
201 4233 259 4310 Ego
272 4231 459 4311 inexemplati
471 4235 573 4310 retuslo
586 4231 713 4366 {sriptum
727 4234 843 4310 reperio,
1049 4308 1080 4367 N

629 4329 643 4386 3
1077 4329 1136 4386 tque
