2892 4775
146 150 236 259 lxviii

304 302 384 375 tium,
398 300 552 359 Varronem
561 297 659 377 ipsum.
699 300 824 375 Quorum
837 298 996 377 frequentia
1004 300 1067 360 cium
1081 301 1149 365 mibi
1163 298 1326 362 sumentem

306 383 393 450 venit,
414 392 529 455 apparet
552 376 625 436 illico
646 390 694 435 aut
717 375 830 435 obscura
852 376 1004 455 diligentia,
1025 382 1072 457 qui
1093 378 1194 438 infecto
1215 384 1330 459 negotio

305 460 432 536 eguerint
444 454 608 515 successore:
630 470 733 514 autres
753 456 808 532 ipsa
821 454 939 533 perdita,
957 476 1020 533 qua
1034 458 1076 515 vel
1090 460 1125 516 ab
1140 478 1194 534 uno
1205 458 1328 530 alterove

305 551 445 596 tantorum
458 537 579 593 virorum
590 534 742 611 nequiverit
755 532 861 592 confici.
901 535 994 613 Qare
1008 555 1041 594 ea
1055 555 1165 615 quoque
1178 536 1267 609 causa,
1281 536 1328 596 setl

303 615 468 693 potissimum
483 631 528 685 ea,
548 612 670 691 inquam,
690 611 743 669 elle
754 611 857 692 potuit,
879 626 909 672 ut
921 610 957 671 ad
971 614 1043 672 banc
1062 614 1326 693 contemplationem

304 693 421 751 studium
436 692 552 750 nostrum
571 690 772 748 adhiberemus.
818 690 918 767 Neque
931 692 1003 749 enim
1018 691 1073 751 sola
1087 712 1128 768 res
1141 691 1257 771 petenda
1268 694 1327 769 jam

303 768 342 827 esi
355 772 443 843 nobis,
462 767 508 829 sed
523 767 578 847 ipsa
592 767 769 827 contentione
782 764 818 825 de
832 768 976 827 clarisfimis
999 770 1137 829 autoribus
1159 772 1272 830 viclotia
1285 791 1339 855 ιε-ἱ

303 848 448 928 portanda.
487 851 582 925 Atque
596 860 626 905 ut
640 864 736 905 eurum
752 844 855 921 judicia
869 846 921 905 bac
934 858 1044 927 quoque
1060 849 1089 906 in
1101 862 1180 926 parte
1200 849 1326 910 emende-

303 947 374 999 mus,
387 926 464 985 srmul
477 925 513 986 ad
528 928 599 983 banc
612 943 725 1002 operam
740 924 882 982 incitemus
895 925 1005 1003 ingenia
1017 926 1186 987 literatorum
1199 948 1206 985 :
1223 946 1260 1002 ,ut
1271 947 1328 988 non

303 1007 450 1067 minimam
468 1002 665 1085 pronunciandi
687 1003 822 1062 rationem
837 1023 871 1062 cx
883 1003 935 1061 hac
949 1008 1180 1065 commentatione
1200 1008 1329 1085 consequi

304 1084 360 1145 sese
371 1084 446 1165 pulsa
458 1098 574 1163 putent:
604 1078 839 1160 quemadmodum
858 1081 921 1141 cium
945 1082 1129 1143 intellexerint
1152 1103 1241 1163 neque
1260 1087 1330 1164 aspi-

303 1164 451 1231 rationem.
473 1178 564 1241 neque
579 1158 694 1231 sibilum,
715 1178 805 1237 neque
818 1176 923 1219 mutarn
939 1162 1010 1222 iuter
1032 1161 1059 1220 se
1072 1162 1223 1242 conspirare
1247 1184 1330 1243 potu·

303 1240 361 1313 isse,
382 1256 413 1300 ut
426 1241 515 1323 prima
528 1238 631 1317 syllaba
650 1239 677 1297 in
692 1256 762 1296 voce
784 1238 847 1309 hac,
866 1240 949 1315 isthic,
971 1238 1174 1320 produceretur.
1215 1245 1278 1325 Qa
1299 1244 1329 1302 irt

302 1336 374 1381 voce
393 1320 493 1379 eadem
507 1318 556 1397 qui
580 1331 679 1398 putant
700 1315 808 1376 sibilum
830 1318 940 1377 extrudi
961 1321 989 1379 in
1011 1319 1220 1394 pronuntiando,
1241 1340 1274 1379 ne
1296 1341 1353 1390 ue¹

302 1416 409 1460 morem
422 1398 571 1465 servarunt,
598 1416 615 1455 n
653 1394 902 1474 ue'erymologiarn
913 1396 1097 1457 observarunt.
1131 1396 1208 1458 Nam
1222 1341 1328 1471 AEoses,

304 1495 374 1557 quos
386 1476 478 1537 Latini
495 1472 615 1535 maximi
649 1488 697 1532 unt
711 1474 821 1545 imitati,
852 1475 927 1553 quud
952 1476 998 1536 alii
1023 1475 1107 1537 {abab
1126 1475 1260 1549 dicerent,
1280 1478 1330 1557 ips

299 1556 367 1617 sarde
382 1553 619 1648 pronunciabant:
641 1553 680 1613 ita
693 1553 720 1611 in
734 1551 821 1610 verbo
831 1556 890 1645 ssis
911 1552 992 1613 satius
1006 1556 1059 1612 suit
1072 1569 1178 1616 mutam
1197 1554 1327 1632 abjicere.

301 1633 339 1695 Et
351 1632 404 1693 sutt
417 1634 510 1694 ratio:
532 1652 597 1691 nam
615 1636 649 1702 is,
669 1644 821 1709 pronomen
833 1646 972 1713 integrum
991 1644 1100 1691 manet:
1121 1634 1210 1693 cauda
1232 1651 1328 1697 autem

301 1712 359 1781 illa,
388 1731 471 1791 quam
497 1722 598 1770 vocant
622 1708 781 1784 syllabicam
805 1707 1000 1785 adjeflionem,
1023 1711 1099 1770 nullo
1115 1712 1256 1792 dispendio
1277 1733 1328 1772 ert·

300 1792 401 1882 punsla
412 1792 495 1851 etiam
509 1789 604 1849 leniori
619 1789 684 1847 relin
706 1788 747 1847 uit
760 1788 850 1847 locum
864 1787 1058 1865 conjundiiuni.
1090 1792 1223 1851 Praeterea
1237 1793 1330 1856 multia

299 1889 330 1928 ιιι
342 1870 408 1931 locis
420 1866 632 1939 animadvertas,
652 1809 800 1947 posituram
819 1866 1023 1928 consonantium
1039 1886 1091 1926 non
1105 1868 1256 1947 producere
1279 1890 1331 1931 vo·

300 1947 405 2007 calemt
427 1946 473 2007 sed
483 1946 576 2022 suapte
590 1962 686 2004 natura
700 1945 750 2004 niti
764 1944 913 2005 brevitate:
929 1962 968 2021 ut,
983 1954 1021 2018 in,
1027 1950 1085 2022 scd,
1097 1952 1141 2018 ad,
1155 1952 1231 2027 quod,
1245 1949 1330 2023 aiud,

293 2026 397 2105 fimus:
420 2026 448 2083 iu
471 2024 568 2103 quibus
588 2025 637 2103 qui
662 2038 791 2103 putarunt
803 2041 931 2101 oportere
945 2028 1107 2103 postremum
1121 2026 1187 2085 elidi
1206 2030 1330 2087 elemen-

303 2119 374 2177 tum,
396 2098 575 2162 vehementer
588 2118 720 2162 errarunt.
753 2100 805 2159 de
819 2100 900 2182 longe
912 2103 1016 2163 facilius
1029 2104 1056 2163 in
1070 2103 1206 2179 disjunctis
1217 2106 1330 2165 vocibus

301 2198 457 2261 correptam
473 2180 595 2240 vocalem
607 2194 729 2259 tenuere,
750 2177 834 2259 qnam
847 2182 875 2239 in
888 2181 1046 2258 conjunslis.
1088 2184 1128 2242 At
1141 2182 1329 2261 inconjunctis

299 2262 341 2320 ita
360 2259 582 2338 pronuntiabant,
604 2274 635 2319 ut
650 2247 858 2342 postutasnibil
871 2258 980 2319 afferret
999 2267 1084 2319 morae
1106 2261 1243 2321 brevitati.
1285 2264 1331 2325 Sic

300 2340 417 2417 infidias,
437 2341 578 2414 &irfirou
594 2339 715 2417 'primam
738 2337 889 2416 producere
906 2336 1057 2398 dixerunt:
1087 2342 1266 2399 incitatiorem
1281 2361 1330 2401 au·

301 2433 358 2477 tem
373 2423 397 2476 lt
410 2425 553 2488 incautum,
581 2417 726 2498 corripere.
766 2417 860 2488 Qrare
873 2417 891 2474 st
906 2417 960 2476 hoc
976 2419 1002 2476 in
1016 2427 1070 2477 urio
1090 2418 1176 2478 tradlu
1186 2439 1219 2477 ac
1234 2437 1331 2480 tenore

298 2497 450 2566 faciebant,
471 2493 559 2554 multo
574 2493 747 2554 commodius
759 2495 919 2573 interpofito
933 2515 968 2554 eo
982 2497 1137 2565 intervallo,
1156 2497 1231 2576 quod
1252 2495 1330 2575 sepa-

299 2576 364 2635 ratis
378 2577 488 2635 vocibus
501 2574 628 2644 debetur,
647 2573 754 2632 efficere
772 2569 901 2632 debuere.
940 2575 1018 2634 Nam
1033 2576 1051 2633 fi
1065 2573 1150 2646 diors,
1174 2580 1201 2633 ir
1215 2575 1330 2653 sedibus,

300 2670 385 2732 atque
406 2655 444 2712 ibi
460 2652 611 2731 praeposttio
631 2651 720 2712 brevis
733 2651 774 2723 srt,
794 2670 857 2730 quse
880 2654 907 2712 in
931 2671 964 2711 ea
976 2653 1171 2731 compositione
1190 2654 1274 2734 longa
1286 2655 1330 2714 su-

300 2731 369 2804 isset,
390 2727 492 2811 quanti>
507 2733 596 2810 aptius
609 2731 699 2790 brevis
708 2732 770 2801 erit,
790 2729 905 2802 fidicas,
920 2737 1046 2791 indiam:
1066 2731 1154 2810 quaest
1167 2751 1327 2812 compones,

299 2811 390 2870 brevis
408 2829 518 2889 quoque
543 2809 615 2873 erit?
639 2811 774 2868 Praeterea
800 2810 1061 2881 animadvertemus,
1096 2808 1179 2888 quim
1203 2811 1331 2871 celeriter

300 2887 398 2948 multas
412 2890 522 2948 vocales
542 2888 773 2966 pronuntiandoe
827 2888 954 2957 dicerint,
985 2905 1015 2946 ut
1029 2891 1113 2947 enam
1133 2907 1196 2948 cum
1217 2889 1330 2968 sequen-

301 2967 372 3025 tibus
386 2965 564 3042 obscurarint·
587 2967 629 3024 stc
644 2965 716 3024 enim
732 2966 758 3022 in
771 2967 790 3023 il
801 2968 833 3036 is,
845 2971 929 3039 scias,
943 2969 1013 3044 firae,
1029 2970 1173 3043 ruae,frrit,
1185 2971 1246 3037 ades,
1259 2971 1327 3042 deos,

297 3051 393 3122 prius.-
415 3065 476 3126 quae
491 3045 644 3104 efficiebant
664 3044 870 3121 monosyllaba:
891 3046 931 3103 ita
945 3065 979 3103 ex
998 3045 1104 3104 duobus
1126 3048 1330 3124 comparativis,

296 3129 393 3200 parius,
415 3125 512 3192 melius,
533 3121 602 3182 duos
615 3119 813 3182 constituebant
835 3123 1015 3201 pyrrhichios.
1056 3124 1134 3182 Nam
1148 3124 1331 3202 quemadmo-

300 3201 366 3262 dum
382 3203 563 3261 mensuremus
577 3200 681 3260 versum
696 3199 772 3259 illum
784 3219 818 3259 ex
832 3201 937 3260 Andria
949 3207 960 3260 l

348 3271 351 3278 .
382 3279 467 3340 Dabar
481 3303 569 3340 nemo:
592 3284 708 3338 inveniet
722 3284 816 3356 inopem
825 3279 922 3356 periris,
936 3279 1012 3358 quim
1026 3294 1051 3338 le
1064 3281 1281 3359 corrumpifirrat.
1313 3357 1316 3362 Ι

276 3413 280 3422 ,
337 3359 454 3418 Necesse
467 3360 539 3416 enim
554 3355 590 3415 est
603 3377 638 3414 ex
652 3355 759 3415 duabus
771 3361 882 3417 vocibus
896 3359 949 3430 bis,
967 3359 1050 3436 potiris
1063 3356 1154 3498 paim,
1174 3379 1257 3431 unum
1281 3377 1331 3438 pe-

299 3439 363 3498 dem
379 3438 436 3496 lieri
453 3462 458 3493 :
481 3435 555 3516 quod
570 3453 600 3493 ut
614 3435 722 3505 efficias,
743 3437 830 3495 multa
844 3439 927 3515 prius,
947 3456 979 3495 ac
993 3440 1062 3497 mira
1083 3437 1111 3496 ili
1124 3451 1190 3520 eget
1206 3438 1330 3515 interpo-

297 3519 418 3586 latione.
451 3517 525 3594 Ergo
536 3512 618 3590 vulgis
632 3515 670 3571 ita
684 3533 795 3591 quoque
819 3517 922 3577 locutos
946 3531 1024 3592 puto,
1044 3534 1099 3576 non
1118 3517 1226 3576 laturos
1238 3513 1331 3575 scerta-

299 3615 357 3655 rum
379 3593 545 3660 barbariem,
566 3611 628 3669 quae
648 3591 684 3650 de
706 3591 799 3651 medio
822 3590 941 3652 sumeret
963 3593 1127 3654 sermonem.
1168 3593 1201 3652 sn
1222 3593 1274 3652 bac
1289 3609 1331 3655 ta·

298 3693 360 3733 men
377 3695 406 3732 re
427 3669 647 3746 &disceptarunt
661 3670 752 3747 multi,
773 3676 799 3728 st
813 3689 867 3728 non
888 3672 968 3750 pauci
991 3690 1134 3732 errarunt:
1162 3669 1229 3730 ficut
1242 3677 1267 3729 a
1282 3672 1331 3743 illi,

297 3755 343 3830 qui
359 3751 474 3809 reddere
491 3751 631 3807 volucrunt
655 3749 790 3806 rationem
817 3749 940 3810 versuum
955 3771 963 3807 x
985 3767 1047 3809 cum
1063 3749 1108 3808 alii
1122 3749 1205 3807 essent
1218 3751 1332 3809 curtilii·

296 3835 345 3900 mi,
366 3833 410 3888 alii
425 3827 495 3886 arleti
517 3827 600 3904 longi,
622 3840 651 3882 ut
665 3827 743 3884 mihil
757 3827 843 3886 libeat
854 3848 918 3888 cum
934 3829 1060 3887 Plautino
1081 3827 1215 3904 trapezita
1231 3824 1333 3902 jocari,

248 3938 256 3954 =
295 3909 362 4046 dpm
378 3927 459 4044 opum
479 3907 566 4042 sqribo
580 3904 702 3982 explevit
716 3905 785 3963 milti
807 3918 878 3986 tutas
892 3919 967 3967 ceras'
988 3922 1128 3985 quatuort
1154 3921 1272 3984 quantus
1286 3907 1333 3967 ille

296 4005 313 4044 e
345 4005 379 4045 ex
420 4005 488 4043 nnuc
510 3995 561 4042 o:·
644 4014 651 4028 .

377 4065 414 4123 Et
428 4065 567 4139 magnifica
581 4029 669 4119 veria
679 4067 695 4118 .·’
712 4059 799 4124 verba
811 4063 953 4140 durrfirtr
974 4055 1067 4126 veritur
1080 4063 1109 4141 ſs
1122 4065 1162 4125 ad
1180 4085 1234 4125 rear
1246 4063 1333 4139 corfi-

414 4158 518 4214 rentur,
538 4139 691 4218 vapulabit.
794 4163 798 4173 ·
859 4165 863 4173 ·
1237 4220 1320 4296 Qun
