2892 4775
290 158 833 242 rERENn‘sANn,

25 276 27 361 l
72 308 150 355 umen
164 287 189 348 id
203 286 336 365 interpres
348 304 428 368 putat
438 287 628 350 cousuetudine
647 292 743 369 magis,
759 288 843 369 quim
856 289 981 353 ratione:
1001 294 1077 375 quid

25 362 27 413 l
72 364 279 431 lcousuetudiuis
291 367 320 425 id
333 370 379 439 eu,
395 388 448 428 uon
462 372 598 448 scripturae
617 371 724 441 vitium,
746 368 886 428 ostendere
900 370 1006 444 debuit,
1030 390 1079 435 aut

70 451 125 509 alibi
136 447 291 506 Terentium
302 445 337 505 fic
349 447 480 525 scripfille,
497 461 545 507 aut
555 449 732 507 Comicorum
746 449 861 524 omuino
871 466 1026 529 quenquam
1039 455 1078 511 ita

25 536 26 585 ἶ
70 530 198 591 locutusne
212 542 327 601 quorum
336 526 372 583 de
382 526 476 585 medio
488 526 593 603 sumpta
608 528 644 585 est
654 528 742 585 omnis
752 528 832 585 ratio.
868 528 1001 606 Quintum
1017 546 1076 589 uer·

25 636 26 643 ,
69 608 164 665 iculum
178 602 324 661 iambicum
338 605 469 683 eii'eputo
483 604 672 663 octonarium:
695 604 781 684 eiquo
798 622 859 683 quae
878 607 1077 683 detrudasuut,
1155 601 1159 610 ’

25 720 26 723 =
69 681 459 763 loquentiadjedlasuutversui.
501 686 543 742 lta
555 700 620 762 ergo
630 684 755 761 legimus,

25 760 27 827 f
67 812 70 819 .
132 766 184 822 Per
196 763 390 837 ecastorscito'
400 764 552 839 paernaoss'
568 763 866 840 eijampbilotquaejb
879 760 948 823 Deos

132 841 256 916 Superstes
264 842 359 919 uiſset,
372 843 568 919 qnandoquidem
581 843 632 918 'is‘
645 842 680 917 est
693 846 792 919 ingenio
806 838 878 903 bono.
967 851 971 857 '
994 858 998 865 ’

67 919 143 997 bingis
152 936 191 976 res
205 930 264 975 erat
276 916 417 993 desperata
431 920 514 977 Ablue
523 922 613 997 quarti
627 919 715 992 initio,

129 1000 239 1057 Haecine
248 994 368 1054 credibile
380 1002 426 1075 est,
441 1012 491 1055 aret
502 994 674 1067 memorabile,

25 1088 27 1147 l
129 1074 214 1133 lania
224 1077 350 1132 vecordia
362 1080 456 1133 innata
467 1081 585 1153 cuiqnam
596 1076 696 1153 neſsei,

25 1174 27 1213 l
128 1153 163 1213 lli
171 1153 249 1215 malis
258 1156 401 1229 gaudeant,
423 1169 501 1233 arque
513 1176 547 1211 ex
556 1158 714 1213 incommodis

25 1234 27 1247 ²
128 1232 244 1290 Alterius
243 1234 300 1302 sua
311 1236 352 1288 noi
361 1246 505 1310 comparent
515 1238 663 1293 commoda?
678 1233 715 1293 ba

25 1314 26 1317 ’
128 1310 188 1369 Ideo
199 1332 296 1369 omum
308 1313 377 1388 mr·
386 1316 436 1373 imo
446 1316 478 1369 id
483 1333 562 1389 genes
574 1313 698 1371 bominum
714 1315 750 1393 est
757 1314 895 1393 pefflnnsm,
906 1318 937 1376 ie

127 1391 279 1468 Denegando
292 1395 361 1450 modo
375 1398 445 1471 queis
450 1392 535 1467 pudor
548 1394 583 1469 ost
590 1389 725 1467 paululum
734 1415 755 1453 .·¹

25 1502 26 1511 κ
127 1471 183 1545 l’sfi
191 1471 239 1529 sobi
249 1474 288 1551 eso
297 1483 390 1547 ternpus
413 1468 583 1547 romiffiojam
592 1473 694 1547 perfici,

126 1548 186 1610 lem
199 1553 339 1629 mcefflsrio
344 1551 377 1620 se
388 1554 540 1626 eaperionr,
559 1544 594 1607 ὅ
605 1557 705 1623 liment,

126 1628 161 1687 Es
172 1644 260 1689 tamen
271 1650 313 1689 res
326 1628 394 1703 sagio
404 1632 538 1705 denegare.
579 1625 622 1689 lbi

129 1706 188 1767 Tem
200 1706 413 1787 impudensifflma
423 1728 507 1765 eornm
521 1709 607 1763 orario
621 1710 667 1778 est.

124 1789 188 1866 Quis
200 1802 233 1847 oa
247 1792 300 1846 es?
319 1790 375 1862 qssis
387 1786 450 1843 mibi
463 1791 516 1844 es?
530 1806 577 1842 cur
589 1802 671 1844 meam
687 1784 738 1844 sibi
745 1792 762 1845 i
782 1788 844 1849 beros

126 1867 265 1924 Proximus
266 1868 328 1938 sssm
342 1879 436 1941 egomet
446 1863 519 1921 mibi.
559 1860 693 1936 adtamen,
708 1864 826 1941 ubistdes

122 1948 149 2003 di
163 1966 244 2023 reges,
257 1942 429 2020 nsbs'lpudet:
448 1942 500 2014 hic,
513 1940 560 2000 ubi
569 1957 627 2020 opus
636 1946 680 2021 est,

124 2023 178 2081 Non
189 2034 321 2082 vereatur
333 2042 345 2079 .·
366 2020 433 2095 illio,
447 2018 490 2078 obi
502 2020 572 2079 nibil
582 2036 640 2099 opus
650 2027 697 2096 est,
709 2018 749 2079 ibi
760 2038 896 2082 verentur.

91 2102 200 2162 Primum
212 2114 421 2179 pentametrum
435 2098 583 2159 iambicum
594 2100 660 2159 fecit
669 2100 801 2173 Erasmus,
815 2121 883 2182 quos
895 2102 982 2164 nullos
992 2103 1073 2187 lesio

61 2180 85 2240 it
100 2182 240 2240 Terentius
256 2200 263 2237 ι
288 2178 428 2256 sequentes
445 2176 513 2237 duos
526 2177 658 2238 dimetros
670 2181 803 2239 creticos:
824 2180 898 2260 quod
914 2187 1004 2258 (taceo
1021 2205 1069 2245 eo.

63 2279 108 2318 mm
124 2259 246 2318 versuum
270 2258 324 2315 elie
346 2258 489 2315 authorem
510 2256 663 2329 Erasmum)
687 2256 744 2316 fieri
758 2254 870 2317 minimi
919 2262 984 2319 test:
1008 2281 1073 2323 cum

62 2352 122 2415 aque
133 2343 200 2410 exin,
216 2336 361 2397 molossum
375 2354 428 2394 nou
437 2334 569 2395 creticum
580 2336 716 2398 efficiant:
744 2350 860 2416 quatuor
883 2352 1012 2420 equeutes
1024 2330 1074 2421 qu¹i

62 2417 127 2478 eleut
140 2437 192 2476 uon
207 2418 338 2474 nutavit:
360 2417 474 2474 creticos
487 2413 559 2478 certi
572 2415 703 2475 dimetroe
722 2415 813 2475 dicere
826 2433 883 2475 nou
902 2421 997 2496 potest.
1037 2421 1073 2481 Iu

61 2513 117 2554 nouo
129 2494 202 2554 versu
216 2494 307 2554 deeffe
321 2491 425 2570 aliquid
438 2496 555 2572 putavit,
576 2491 651 2571 quod
671 2515 721 2573 pro
735 2496 837 2553 cretico
856 2509 955 2576 quarto
966 2497 1072 2558 iambus

61 2593 195 2651 poneretur.
245 2574 287 2630 At
306 2595 347 2631 res
359 2577 437 2650 cogit,
455 2585 548 2630 eratne
560 2573 673 2632 creticus
694 2572 834 2644 secundus,
858 2590 888 2633 ut
908 2594 959 2652 pro
971 2592 1072 2654 quarto

61 2652 154 2729 pultum
173 2653 281 2709 diceret
292 2648 437 2709 iambum?
470 2649 502 2707 In
514 2649 622 2709 decimo
634 2653 747 2711 creticos
763 2667 815 2710 tres
831 2656 947 2720 nonsit,
962 2655 1009 2732 qui
1023 2654 1071 2713 ubi

61 2731 134 2801 eistat,
146 2731 248 2789 uellem
263 2725 387 2806 profedld
407 2727 555 2800 indicaffet,
572 2742 606 2788 ue
620 2751 668 2791 nos
687 2732 713 2789 in
729 2729 876 2810 quaereudo
888 2730 981 2789 fruilra
994 2733 1071 2792 labo·

61 2810 172 2870 olemus.
202 2808 237 2868 Iu
253 2806 399 2866 undecimo
413 2808 479 2865 utin
494 2827 576 2875 nono,
586 2827 637 2886 pro
647 2811 748 2869 cretico
757 2823 856 2888 quarto
869 2809 991 2868 iambum
1003 2811 1070 2890 poni

60 2891 154 2947 notauit.
186 2887 322 2957 Primum,
333 2885 351 2943 i
364 2887 391 2943 in
402 2903 474 2944 nouo
486 2903 537 2964 pro
551 2888 651 2945 cretico
665 2887 716 2946 elle
731 2887 852 2945 iambum
861 2887 986 2966 putabat,
995 2887 1072 2968 qubd

60 2965 128 3023 tersui
140 2967 229 3026 deelse
249 2963 353 3041 aliquid
367 2965 514 3034 videretur,
529 2966 595 3042 quid
609 2964 654 3023 hic
668 2959 837 3025 commillum
859 2965 895 3023 est
914 2965 1021 3045 flagitii,
1040 2983 1073 3028 ut

60 3045 94 3121 qui
103 3046 208 3102 creticus
228 3043 283 3115 eise
293 3043 435 3114 debuerat,
457 3043 541 3101 factm
554 3044 585 3102 fit
595 3043 698 3101 iambus
714 3050 726 3104 i
749 3042 778 3101 T
780 3063 826 3100 um
840 3040 914 3116 verb,
928 3051 984 3123 qais
997 3060 1027 3104 tu
1036 3068 1071 3116 es,

59 3126 165 3182 tosticum
177 3123 239 3202 quis
251 3119 305 3182 effe
324 3122 433 3191 dixerit,
456 3139 488 3180 ac
503 3141 557 3180 uon
567 3122 661 3202 potius
680 3119 834 3199 spondaeum
848 3127 859 3181 i
881 3121 943 3198 Jam
957 3125 984 3180 in
996 3123 1072 3182 v'ersu

59 3199 156 3276 loquenti
170 3205 216 3259 ubi
237 3215 357 3278 quatuor
369 3200 485 3260 cretici?
506 3201 551 3259 ubi
571 3203 596 3257 iu
611 3200 667 3270 illo,
690 3201 719 3256 Si
729 3223 809 3278 roges,
821 3195 878 3258 &a
897 3205 968 3260 tres?
989 3203 1071 3273 estne,

58 3280 197 3356 dbil'pudes,
214 3281 352 3338 creticus?
373 3277 500 3356 equidem
515 3297 568 3336 non
583 3277 707 3337 arbitror.
742 3277 970 3362 Extremumelse
983 3280 1071 3341 voluit

59 3359 204 3418 trochaicum
227 3358 397 3427 icazoutem,
421 3355 533 3414 addere.
547 3355 650 3416 debuit
665 3355 862 3427 catalecticum,
890 3371 958 3434 quos
981 3359 1069 3416 nullos
1140 3380 1144 3389 “

60 3435 137 3514 luipfit
147 3436 312 3496 Terentius.
352 3432 414 3512 Ego
425 3453 519 3494 omnes
543 3433 593 3493 elle
607 3435 868 3494 arbitror'iambicos
881 3448 1067 3506 tetrametros,

60 3514 95 3571 loc
107 3517 147 3584 cll,
160 3515 318 3574 odonarios
340 3513 394 3571 live
406 3513 563 3590 quadratos,
578 3514 669 3594 quales
683 3515 742 3572 sunt
755 3515 802 3592 qui
815 3511 959 3590 sequuntur
976 3531 1070 3574 omues

61 3591 119 3669 ubre
132 3594 165 3650 ad
178 3597 330 3663 trimetros,
345 3592 441 3670 quibus
456 3611 525 3670 pene
541 3593 676 3674 clauditur
691 3591 778 3652 scena.
819 3590 962 3670 Legendos
975 3607 1069 3654 autem
1110 3616 1114 3624 ’

60 3671 190 3741 iuceuseo,

115 3753 228 3808 Haecine
243 3747 375 3819 credibile,
389 3763 438 3808 aar
450 3747 621 3821 memorabile,
641 3763 721 3807 tanta
734 3764 764 3807 rso
775 3753 894 3825 cuiqnam
908 3751 1030 3806 vecordia

25 3857 26 3864 ¹
111 3829 206 3886 imaro
212 3829 278 3906 fiet,
300 3823 331 3886 ist
340 3832 456 3905 gaudeat
465 3829 550 3897 malis,
563 3843 640 3905 atque
653 3848 686 3886 ex
697 3831 857 3886 incommodis

115 3909 242 3976 Alterius,
253 3909 307 3982 soa
317 3911 358 3964 uti
368 3910 493 3965 commoda
504 3911 659 3982 comparet?
680 3905 726 3974 ba,
735 3926 859 3963 verumne
871 3906 975 3980 idest?
992 3925 1072 3982 genus

116 3987 190 4043 Immo
204 3988 329 4046 bominum
341 3988 366 4042 id
378 3985 505 4061 pefflmum
512 3986 565 4060 esi,
586 3989 614 4042 in
623 3989 763 4061 denegando
774 3988 842 4060 queis
851 3983 933 4058 pudor
942 3990 1010 4042 modo
1053 3984 1058 3998 ’

115 4065 353 4138 Paululamadeso,
367 4065 424 4143 post
437 4063 543 4140 ubtjarn
557 4075 678 4139 tempusa
706 4063 828 4139 promsffa
842 4063 939 4140 perfia,
1055 4130 1059 4141 ι
1133 4077 1136 4080 ’

114 4145 172 4202 duos
183 4143 364 4222 stnecefforio
377 4146 511 4222 aperiunt,
533 4146 633 4216 timent,
702 4146 771 4220 cogis
784 4159 879 4200 roseos
1006 4154 1058 4276 q'

1029 4235 1073 4280 m
