2892 4775
146 77 275 165 mm

495 5 1169 162 ΡΠΟΕΕΕΟΜΕΝΑΙ

276 219 279 223 ·
306 198 385 270 state,
403 191 592 273 aeclesiarum
602 213 688 272 quam
708 191 802 252 vellet.
844 189 942 271 Eslque
956 193 1014 252 hac
1032 195 1116 258 veluti
1134 189 1341 262 &eschaloii

308 273 427 339 Cantilia
448 274 551 342 omnia,
571 272 687 348 querelae
709 289 815 338 omnes,
835 285 993 348 argumenta
1014 270 1105 330 omnia
1128 271 1181 331 hnc
1195 272 1340 332 reserenda

307 351 378 414 sunt.
419 352 456 411 Et
478 367 536 410 tota
558 348 650 408 sabula
669 347 758 408 similis
780 349 816 406 eil
838 349 955 408 orationi
975 350 1082 426 generis
1102 349 1219 410 suasorii.
1259 352 1338 409 Nam

310 429 386 490 varii
399 428 435 487 de
449 443 509 488 tota
527 427 607 486 causa
626 427 778 487 consultant
797 424 880 496 senes,
901 426 1091 498 adolescentes,
1112 444 1144 484 ac
1166 427 1243 486 servi.
1282 427 1337 486 Sed

312 525 343 568 ut
365 508 557 589 argumentum
581 507 706 586 proprius
733 523 841 567 minere
866 521 967 582 queant
991 507 1078 582 pueri,
1106 505 1201 566 ordine
1224 505 1340 586 iugulas

310 601 401 672 partes
410 585 566 646 reseremus.

676 661 825 724 Periculum
832 661 954 740 protostr.

318 806 322 815 ,
350 742 423 803 Ciam
437 755 541 800 amaret
552 739 710 820 Pamphilus
728 740 899 831 Glycerium,
917 739 999 820 eique¹
1022 736 1102 801 fidem
1117 741 1230 802 dedisset
1242 739 1339 800 duon-

311 842 373 883 rum
385 821 412 879 se
426 820 478 880 esse
491 825 615 890 uxorem,
628 833 717 897 pater,
732 839 778 898 qur
791 838 884 876 amare
899 817 983 878 filiurn
996 836 1177 896 compererat,
1198 819 1338 880 consilium

311 901 386 978 capit
396 898 565 958 abstrahendi
574 898 631 972 ejus
640 897 657 956 i
665 894 809 973 Glycerio,
819 890 925 956 simulat
935 896 961 955 se
974 895 1339 974 uxoremdaturum,poscit-

311 997 366 1054 que
378 965 458 1040 othe
475 975 543 1033 silius
565 976 593 1033 id
613 975 727 1034 recuset.
767 975 794 1034 le
816 973 917 1034 ciam&
937 990 1208 1059 praemoreretur,
1227 982 1252 1034 lla
1265 977 1339 1054 Gly-

311 1053 547 1115 ceriumdesereie
580 1073 657 1114 arum
676 1054 753 1137 pium
773 1051 919 1130 judicaret,
940 1052 1042 1132 pendet
1064 1055 1158 1126 aniani,
1177 1073 1229 1118 nec
1251 1054 1339 1116 habet

311 1131 368 1212 qud
379 1131 405 1190 se
416 1145 517 1190 vortat.
558 1073 602 1189 lhi
616 1133 712 1190 Davus
731 1131 882 1208 intelligens
901 1131 1018 1190 simulari
1034 1151 1092 1190 rem
1106 1129 1222 1210 inpane,
1244 1131 1338 1192 consu·

185 1253 189 1260 -
311 1212 345 1270 lit
356 1210 434 1274 herili
446 1209 513 1280 nnn,
533 1222 563 1268 ut
576 1210 736 1286 polueram
749 1209 829 1286 petri.
844 1208 869 1268 se
883 1209 910 1268 in
923 1209 981 1283 ejas
996 1211 1130 1287 potestate,
1141 1211 1271 1282 saturum,
1286 1231 1337 1289 pe·

312 1290 390 1348 siculi
413 1289 481 1347 nihil
495 1288 555 1358 elle,
576 1286 799 1365 quandoquidem
812 1285 968 1348 limulentua
987 1288 1106 1366 quptiae:
1127 1287 1193 1348 filius
1213 1288 1340 1370 obsqui-

312 1382 367 1441 tur,
382 1384 538 1447 quanquam
553 1362 623 1444 aegri
633 1365 776 1444 pollicetur
789 1365 1014 1443 patri'duslutunr
1029 1363 1056 1423 se
1069 1385 1152 1446 quam
1166 1365 1257 1427 vellet.
1325 1433 1330 1440 ,

412 1492 414 1499 .
765 1445 846 1504 Eira
866 1465 888 1504 r.

352 1523 462 1585 Interea
484 1521 615 1602 spargitur
634 1519 670 1580 de
682 1521 817 1600 Pamphili
831 1445 931 1600 adpetis
944 1541 1045 1592 rumor,
1065 1521 1204 1582 resciscunt
1225 1528 1251 1581 δι
1272 1541 1334 1580 mu-

312 1603 438 1673 lierculae,
458 1599 631 1681 quibuscum
645 1599 777 1678 Glycerio
800 1598 966 1662 consuetudo
988 1616 1056 1660 crat.
1095 1601 1133 1660 Et
1151 1601 1229 1678 pitter
1242 1599 1340 1658 corni

314 1680 370 1741 lilio
390 1679 465 1759 qnod
488 1680 610 1739 soluerat
631 1677 788 1749 emmisset,
807 1697 860 1738 non
870 1677 930 1754 jam
949 1677 1054 1737 srrnulat
1078 1698 1154 1743 rerns
1176 1677 1220 1736 sed
1242 1677 1338 1739 seriam

314 1759 436 1818 sabularn
449 1757 562 1816 orditur.
600 1757 779 1816 Chremetem
803 1772 874 1828 orat,
895 1771 924 1816 ut
948 1770 1058 1836 gnatam
1078 1756 1126 1815 det
1150 1775 1263 1815 uxorem
1284 1754 1340 1814 lilio

315 1839 383 1898 stro:
405 1833 483 1895 facilit
509 1836 647 1914 impetrat.
688 1833 749 1893 Hic
775 1833 810 1894 de
832 1836 974 1914 Pamphilo
997 1837 1087 1894 adium
1113 1835 1181 1893 suit:
1203 1851 1341 1892 maturare

315 1916 524 2053 hillis?
543 1911 1093 2070 “tilafqllhttlltlsltllll
1107 1914 1340 2068 ttstall‘ltlt

317 2069 585 2147 saciatPamphilus?
605 2035 782 2142 Htc'Davus,
801 2071 876 2149 cujus
899 2069 1081 2148 imprudentis
1104 2070 1251 2147 periculum
1274 2089 1341 2128 eon·

317 2151 433 2208 nattum
455 2161 523 2218 erat,
541 2165 605 2205 cum
626 2147 704 2206 dolus
723 2167 779 2208 non
797 2148 958 2221 sueceffilset,
985 2151 1163 2208 Chremetem
1181 2147 1302 2209 deterret
1323 2145 1341 2208 it

316 2228 429 2306 nuptiis,
452 2225 533 2284 iidem
546 2226 646 2286 faciens
658 2225 745 2285 amati
757 2226 1031 2307 aliamiPamphilo.
1209 2217 1214 2228 ⁴

510 2306 516 2315 ’
741 2307 921 2384 Catasrropbe.

357 2382 397 2444 At
410 2398 486 2479 pater
503 2402 560 2443 rem
576 2396 672 2463 urget:
693 2386 719 2442 dr
733 2385 901 2462 processisset,
915 2383 962 2444 nih
974 2383 1058 2457 casus,
1072 2386 1119 2466 qui
1133 2384 1200 2465 sepe
1213 2385 1272 2465 plur
1291 2401 1342 2442 va·

316 2460 356 2522 let
369 2482 452 2542 quarn
462 2457 541 2533 ratio,
551 2462 640 2521 dubiis
654 2463 731 2522 rebus
742 2482 824 2541 opem
837 2464 974 2524 attulisset.
1003 2466 1089 2524 Venit
1105 2466 1236 2545 quispiam
1251 2462 1339 2533 Crito,

316 2542 368 2617 qui
389 2542 471 2599 docet
483 2529 645 2617 Glycerium
658 2542 813 2601 Chremetis
825 2542 907 2601 sliam
922 2542 985 2613 elle,
1004 2559 1112 2621 gratum
1133 2546 1257 2603 omnibus
1271 2558 1340 2599 non·

319 2620 401 2679 aium.
425 2620 539 2698 Nuptiae
552 2640 585 2677 ex
597 2618 728 2680 sententia
741 2620 877 2699 Pamphili
890 2620 1075 2683 coniciuntur.
1102 2622 1177 2683 Vide
1191 2642 1225 2681 ex
1237 2634 1342 2701 quanto
1391 2662 1395 2674 .

318 2698 449 2777 periculo,
471 2698 533 2757 casu
545 2698 658 2757 evaserit
669 2698 841 2776 Pamphilus!
890 2725 893 2730 ·

357 2777 403 2834 Eli
416 2790 507 2835 autern
522 2779 548 2836 in
562 2796 638 2835 more
647 2776 791 2849 Terentio,
805 2778 831 2836 in
845 2778 931 2856 prima
942 2776 997 2839 feri
1009 2777 1086 2839 scena
1097 2780 1178 2859 longa
1188 2778 1349 2853 narratione·

317 2871 533 2915 commemorare
555 2854 720 2915 occasionem
746 2856 863 2915 sabulae:
884 2872 967 2936 atque
986 2876 1030 2915 ean
1054 2862 1218 2918 narrationes
1231 2856 1340 2933 plurimi

316 2932 441 2991 fecerunt
454 2948 567 2993 veteres.
600 2934 644 2991 Sic
657 2932 684 2991 in
695 2932 800 2993 Andria
813 2936 925 3013 exponit
938 2937 1070 3015 Pamphili
1084 2942 1199 3001 aniores,
1219 2940 1243 2994 ἀ
1256 2936 1340 3013 patris

319 3012 473 3082 concilium,
499 3032 555 3091 quo
578 3010 599 3067 is
621 3010 706 3073 filium
727 3010 744 3071 ai
765 3012 896 3088 Glycerio
916 3014 1062 3074 divulsorus
1079 3031 1146 3074 erat.
1186 3015 1218 3073 ln
1233 3016 1342 3093 reliquia

310 3086 403 3147 'scenis
422 3092 510 3169 pergit
531 3090 667 3148 consilinm
691 3096 802 3171 exequi.
822 3093 890 3150 Sunt
913 3092 1013 3171 aspersa
1036 3094 1182 3153 narrationi
1196 3093 1235 3150 illi
1248 3096 1342 3173 primae

318 3170 405 3226 multa
428 3170 562 3227 rhetorica
584 3186 755 3230 ornamenta.
795 3170 839 3229 Eli
862 3171 935 3229 enim
954 3170 1111 3230 mirabiliter
1131 3174 1342 3231 ausiacornrne·

318 3244 471 3306 moratione
496 3266 614 3316 morum,
634 3247 791 3319 studiorum,
811 3248 926 3307 sodalitii
952 3250 1094 3326 Pamphili,
1125 3270 1179 3328 qua
1204 3250 1343 3308 occafione

319 3321 475 3400 Pamphilus
498 3324 621 3402 deperire
643 3326 671 3382 in
694 3326 854 3405 Glycerium
875 3328 996 3403 coeperit,
1017 3329 1062 3387 ubi
1086 3346 1162 3403 pater
1182 3327 1342 3403 idprimhm

317 3398 538 3477 deprehenderit.
579 3404 650 3461 Haec
675 3401 799 3463 accurati
825 3404 961 3483 expendet
984 3406 1123 3481 professor,
1144 3410 1169 3463 ἃ
1192 3408 1272 3464 velim
1295 3406 1342 3465 hic

308 3479 468 3547 ,immodice
495 3483 579 3539 eziarn
600 3484 708 3540 anxium
737 3484 789 3542 elle
808 3488 833 3566 ’d
852 3483 1052 3565 noxonpusposl·
1071 3486 1256 3559 interpretem.
1297 3484 1343 3543 Ell

319 3557 393 3617 enim
416 3559 506 3617 modis
526 3559 652 3619 omnibus
673 3560 854 3631 efficiendum,
886 3578 916 3617 ut
938 3568 1078 3633 mirentur,
1101 3576 1129 3619 ut
1155 3578 1247 3619 ament
1270 3562 1343 3620 hunc
1401 3630 1407 3638 ³

318 3637 457 3709 auctorem
472 3639 555 3715 pueri.
587 3637 618 3696 Id
632 3638 670 3696 ita
683 3637 739 3711 fiet,
760 3640 778 3697 si
793 3638 930 3699 reniffime
943 3642 1132 3699 intellexerint.
1167 3640 1342 3715 Exigeadum

239 3732 244 3740 ’
321 3714 358 3773 ah
384 3714 442 3793 ipfis
462 3717 559 3793 pueris,
581 3732 610 3774 ut
633 3715 680 3774 suo
702 3734 790 3776 marte
811 3738 969 3795 argumenta
991 3720 1140 3777 fabularum
1160 3718 1290 3789 condant,
1312 3734 1353 3777 ut

320 3794 395 3851 locos
418 3794 525 3873 aliquos
545 3806 680 3864 retexant,
701 3801 725 3853 δι
746 3796 866 3875 pluribus
890 3816 1036 3873 exponant,
1058 3803 1225 3873 &tanquam
1251 3814 1343 3854 ceram
1402 3796 1404 3799 ’

308 3871 469 3960 refiygantt
490 3893 551 3951 quae
573 3873 749 3966 exercitatio&
762 3874 938 3953 praetetquim
957 3874 1029 3953 quod
1045 3876 1245 3932 familiariorem
1271 3874 1343 3935 huuc

320 3969 432 4025 poetam
446 3951 521 4017 lacit,
542 3951 698 4010 facundiam
712 3970 796 4013 etiam
810 3955 867 4011 alit.
908 3954 1057 4032 Finguntur
1079 3953 1123 4010 hic
1141 3950 1245 4010 cordati
1258 3950 1342 4021 senes,

315 4028 418 4088 ,Davus
443 4047 587 4101 veterator,
609 4029 718 4091 honesla
741 4051 773 4090 ac
795 4034 839 4109 pia
853 4048 945 4089 rnente
959 4032 1085 4109 praeditus
1098 4030 1251 4089 adolescens
1263 4034 1343 4090 Pam-

320 4106 419 4187 philus.
443 4106 548 4167 verum
571 4123 600 4164 ut
613 4107 747 4189 Pamphili
770 4111 906 4187 ingenium
929 4112 1023 4168 rectius
1038 4108 1148 4186 perspici
1162 4110 1255 4186 posset,
1276 4115 1344 4167 &ut

323 4186 462 4274 aliquanto
485 4188 543 4271 plus
565 4187 594 4246 in
617 4184 710 4251 sabula
725 4188 802 4251 turba
824 4186 898 4306 essct,
918 4186 1054 4249 conseatur
1068 4208 1130 4248 curn
1155 4208 1190 4249 eo
1212 4187 1346 4328 Chayiarppe
