2892 4775
521 68 1162 208 PROLECOMENA

369 258 451 317 Pueri
463 261 531 314 inter
536 258 592 331 sese
602 253 678 332 quien
687 268 735 331 pru
747 249 850 316 levibus
863 257 947 316 noxiis
955 258 1012 313 irat
1020 260 1146 332 gerunt?

369 340 559 413 Qaprrpter?
580 340 642 410 quia
655 338 719 391 enirn
733 336 779 430 gui
790 353 830 392 eus
835 329 968 419 gubernat
981 340 1091 405 animus,
1103 334 1235 412 irfietnttnt
1240 330 1351 415 gerunt.¹

370 415 462 473 Itidem
471 414 587 471 mulieres
593 416 657 485 suen
662 414 744 487 firme
756 425 786 466 ut
795 413 881 486 pueri,
894 409 1098 485 levisomna,

370 494 488 569 Furtuffe
500 494 575 549 uitem
588 492 692 566 aliquid
699 485 810 547 verbm
822 496 892 547 iuter
904 509 948 547 eas
957 489 1025 549 banc
1036 495 1107 549 iram
1116 496 1259 566 coniverit
1269 513 1282 551 .·

331 574 397 645 Qto
411 571 437 629 in
451 570 514 629 loco
523 567 673 647 ¹legendum
687 583 766 644 puto,
1365 568 1368 576 '

373 646 444 707 Nam
457 654 591 718 maxima,
606 668 666 724 qua
678 646 873 725 maxinaefitnt
885 648 1011 706 interdurn
1023 649 1087 717 irae,
1106 650 1215 729 irq'uriae

347 786 351 793 ,
371 727 492 794 Faciunt.
1128 735 1130 738 ’

292 894 296 901 “
374 886 450 952 Nam
465 903 528 949 curn
541 902 577 947 ex
598 884 644 941 irae
657 882 839 943 diuturnitate
850 878 953 956 injuriae
968 882 1185 963 magnitudinem
1204 886 1368 965 Pamphilus

333 965 485 1042 colligeret,
514 964 580 1033 levi,
605 963 693 1040 inquit
706 964 851 1030 Parmeno,
879 960 985 1041 dureris
999 964 1059 1021 bere
1073 981 1253 1041 argumento:
1276 968 1365 1024 ratio-

333 1040 451 1121 ne'nrque
474 1042 495 1105 su
520 1041 771 1120 quartinonum
793 1038 931 1098 interdum
956 1038 1100 1101 iraeaioon
1113 1031 1238 1101 maxiiniu
1260 1042 1368 1119 injuriiu

333 1122 503 1183 enascuntur.
547 1118 780 1190 Videtiracundis
801 1116 956 1177 hominibus
980 1117 1010 1177 id
1029 1120 1162 1192 accidere,
1184 1137 1215 1179 ut
1235 1121 1366 1181 inimitis·

333 1198 391 1269 iitni
404 1199 469 1257 fiunt
481 1199 512 1257 iis
525 1198 560 1255 de
574 1194 665 1265 caufis,
682 1218 746 1275 qoae
759 1197 827 1254 aliut
840 1196 963 1255 homines
976 1217 1012 1255 ne
1024 1198 1122 1258 leviter
1134 1198 1246 1277 quidem
1257 1200 1367 1277 poffent

333 1294 521 1337 commovere.
564 1277 637 1354 Quia
651 1276 678 1337 in
688 1278 831 1352 Hecyram
842 1294 888 1333 nte
898 1272 1012 1350 conjeci,
1031 1277 1192 1337 nolovideri
1205 1275 1307 1335 temere
1316 1297 1367 1339 ve·.

332 1356 474 1507 gisserita
494 1354 552 1433 post
572 1356 654 1434 paulo
668 1374 732 1415 eum
745 1356 847 1423 locunt,
871 1353 900 1412 in
922 1373 1079 1433 quoerant,
1103 1354 1230 1434 scriptum
1243 1358 1365 1433 reperie-

316 1472 318 1475 .
353 1455 407 1509 am,
582 1446 589 1461 ¹

410 1515 471 1573 Nau
483 1514 623 1586 usttssatiu
636 1514 670 1589 est
684 1512 749 1573 mibi
759 1532 825 1571 nunc
834 1513 900 1571 burc
911 1507 1064 1589 intri‘seqei
1074 1534 1086 1572 .·

343 1646 345 1651 .
410 1592 483 1655 Neine
495 1592 592 1665 invisos
602 1613 683 1649 omnes
692 1613 741 1649 reare
753 1593 801 1665 effe
812 1592 867 1650 illis
871 1596 969 1667 sentio.

410 1673 481 1741 Heri
493 1692 561 1730 nemo
570 1670 661 1729 voluit
670 1670 816 1747 Sostratam
828 1668 896 1729 iatri
908 1671 1055 1730 admitteret
1116 1693 1119 1699 ’

407 1748 439 1805 Si
442 1748 520 1821 serti
527 1746 629 1817 norbet
642 1749 920 1824 ampliorfiadiusſsrt,

412 1826 565 1902 Qodsani
575 1827 675 1897 uellere,
688 1826 802 1887 maximi
814 1829 873 1886 bert
884 1827 962 1901 coteste
974 1830 1032 1899 mei,

410 1906 455 1964 Ser
460 1927 524 1961 vum
537 1906 606 1965 illico
623 1907 748 1981 introieffl
759 1906 843 1965 ditent
854 1909 991 1982 sostrata,

410 1984 521 2060 Aliquid
530 1985 614 2058 tuliffe
623 1986 839 2059 cunmimyeentur
851 1983 927 2055 mali,
1064 2036 1067 2041 .

412 2060 502 2137 capiti
513 2080 590 2138 atque
602 2068 683 2125 aetati
694 2062 808 2133 illerum,
825 2060 925 2121 morbus
935 2063 980 2137 qui
991 2063 1079 2120 auttu’
1085 2064 1135 2140 fit.

372 2140 467 2198 Verba
481 2140 540 2197 sunt
554 2140 730 2207 Parmenonis,
772 2140 834 2219 Ego
843 2145 925 2220 capiti
937 2154 1014 2215 atque
1019 2138 1107 2207 sceleti
1119 2140 1224 2201 illorum
1237 2140 1365 2223 scripfiffe

333 2220 497 2279 Terentium
512 2234 588 2295 poto,
603 2238 665 2277 com
680 2221 804 2279 intereas
822 2237 902 2279 vocet
914 2238 970 2279 uon
982 2218 1049 2275 levis
1063 2218 1175 2281 affinitas
1195 2222 1236 2292 fit,
1252 2222 1364 2280 &alte-

332 2296 538 2357 ramsententia
564 2299 730 2374 requirat,&
752 2297 769 2357 ai
791 2296 924 2357 Cicerone
946 2294 1011 2355 locis
1024 2293 1074 2356 fint
1086 2297 1196 2358 infinitis
1219 2300 1278 2357 haec
1302 2299 1363 2359 duo

333 2376 484 2454 eonjundn
529 2374 622 2452 Unum
638 2393 768 2454 praeterea
780 2377 872 2436 lucum
884 2376 904 2434 fi
918 2374 968 2436 tibi
978 2372 1112 2448 iudicaro,
1129 2375 1166 2436 ab
1180 2378 1295 2455 Hecyra
1305 2376 1363 2437 dis·

332 2455 441 2532 tedam.
481 2455 513 2512 ln
528 2446 591 2513 An.
601 2454 641 2520 11.
656 2457 699 2514 Sc.
714 2455 738 2514 Ι.
753 2456 793 2517 ita
805 2454 968 2534 legebatur:

412 2531 456 2590 An
468 2537 530 2610 quia
540 2537 598 2596 ruri
611 2535 658 2609 effe
666 2531 840 2609 crebrosuleo,
860 2537 953 2609 nescire
963 2533 1135 2595 arbitramini

409 2613 471 2686 Qu
485 2616 583 2686 quisque
593 2619 669 2685 padio
682 2612 723 2670 bit
732 2620 822 2674 vitum
836 2617 978 2689 vestrorunt
988 2618 1101 2691 exigat?

410 2687 500 2748 Multo
514 2690 599 2754 meliu’
609 2689 650 2747 bic
659 2713 716 2767 quae
728 2693 807 2761 fiunt,
818 2714 895 2770 quarti
908 2691 963 2750 illic
975 2691 1082 2767 abisurn
1091 2691 1197 2768 affldrti,
1202 2695 1266 2770 stin.

410 2767 479 2838 Ideo,
500 2773 562 2845 quia
575 2772 616 2826 uti
628 2791 676 2832 vos
689 2771 755 2828 mihi
766 2774 834 2828 doreti
846 2774 929 2842 eritis,
937 2775 1041 2845 perinde
1049 2769 1317 2851 egonerofarnasoris.

369 2847 465 2906 Verba
488 2847 547 2906 sunt
571 2847 694 2906 Lachetis
707 2847 793 2907 senis:
825 2849 928 2926 quoin
952 2848 1103 2920 locofanu
1123 2849 1274 2907 redundare
1287 2849 1362 2910 mihi

330 2927 447 2988 videtur.
500 2925 615 2982 Causam
639 2927 711 2986 enim
736 2925 826 2986 adfert
850 2925 967 2999 Laches,
990 2947 1075 3006 quare
1097 2943 1154 2986 tato
1181 2927 1251 2985 bene
1265 2928 1359 3001 sciret,

329 3025 393 3082 quae
405 3003 481 3060 dorni
503 3003 612 3074 inutbe
625 3021 793 3086 gererentur,
817 3023 879 3064 curn
893 3005 957 3066 effer
979 3005 1034 3082 ipse
1043 3006 1121 3071 ruri:
1144 3007 1171 3062 in
1186 3025 1231 3075 eo,
1256 3007 1361 3085 inquit,

331 3083 414 3153 ficio,
429 3083 493 3158 quia
508 3097 537 3140 ut
551 3101 598 3139 vos
612 3102 651 3140 res
665 3103 739 3140 meas
752 3083 829 3140 domi
842 3083 1067 3152 administrabitu,
1090 3096 1120 3140 ut
1133 3083 1203 3140 mihi
1216 3083 1361 3144 laborabi-

332 3163 376 3230 tis,
391 3175 420 3217 ut
433 3159 500 3218 mihi
514 3157 706 3241 obsequemini,
722 3163 761 3220 ita
774 3181 827 3240 ego
839 3161 916 3223 vobis
929 3181 976 3220 ero
989 3163 1045 3223 ruri
1058 3183 1065 3221 ε
1079 3161 1141 3222 ·hoc
1155 3161 1200 3234 est,
1220 3163 1296 3222 robis
1308 3164 1361 3220 de·

331 3238 389 3298 steri
407 3239 474 3296 nihil
487 3241 584 3314 patiar,
607 3238 778 3318 benigneque
791 3242 883 3305 omnia
916 3241 1031 3310 raebebo,
1055 3241 1196 3313 fintecum
1210 3259 1256 3297 vos
1271 3241 1359 3298 bene-

331 3319 452 3382 volentia
474 3316 619 3393 officiiique
641 3322 767 3392 certetis:
791 3319 866 3396 quod
888 3261 914 3374 i)
930 3316 1053 3379 contriti
1067 3317 1142 3378 v'obis
1162 3315 1219 3374 fieri
1243 3316 1360 3390 sensero,

329 3395 413 3452 finani
428 3399 452 3452 δι
465 3413 556 3470 egere,
572 3395 703 3472 ungere,
718 3397 863 3464 &esurire,
879 3396 999 3474 nihilque
1012 3416 1074 3456 rure
1087 3395 1122 3453 ad
1137 3414 1185 3456 ros
1195 3393 1295 3454 deferri
1308 3417 1361 3474 pa·

330 3475 392 3534 tint.
434 3471 519 3558 Unde
531 3473 583 3530 huc
598 3487 688 3540 tamen
709 3493 743 3534 ea
756 3476 838 3534 dittio
855 3475 997 3552 irrepserit,
1018 3495 1073 3534 nou
1088 3473 1266 3534 diffimulabo.
1308 3479 1358 3534 Se·

352 3569 431 3625 attur,

329 3571 349 3631 q
404 3633 472 3707 Jnm
482 3636 580 3708 pridem
593 3634 703 3706 equidem
716 3636 813 3711 σαῶσι-ξ
825 3633 910 3708 repiffi
921 3633 1003 3689 odium
1016 3637 1058 3691 tui
1071 3631 1256 3688 Philumenam.

252 3753 254 3760 -
368 3711 428 3770 Ubi
442 3709 505 3768 citrn
517 3715 640 3768 notaton't
656 3710 730 3780 effet,
743 3711 760 3770 t
772 3713 844 3768 fama
860 3713 1041 3790 argumentari
1057 3711 1219 3773 Lachetem,
1236 3707 1318 3764 Fama
1330 3710 1361 3769 in

230 3799 232 3804 '
328 3794 483 3868 proximum
498 3787 659 3864 superiorem
675 3789 899 3865 versuminepsit.
941 3786 1360 3861 Haechadtenussuifft'excusa,

330 3867 475 3945 explicata,
491 3869 612 3934 omniurn
627 3867 672 3942 qui
686 3866 774 3926 literas
786 3869 908 3934 tradant,
918 3865 1022 3940 judicio
1035 3866 1194 3944 approbata.
1274 3869 1277 3872 ’

369 3947 444 4022 Qid
459 3965 509 4023 ego
519 3965 588 4006 nunc
601 3945 702 4011 dicum,
717 3947 824 4004 easdem
838 3944 966 4013 dittiunes
980 3963 1119 4021 corruptas
1133 3950 1158 3999 in
1174 3943 1224 4000 huc
1240 3945 1360 4006 authore

326 4023 384 4084 fere
406 4023 490 4093 foisse,
510 4040 601 4102 *atque
624 4023 808 4100 depravatae?
832 4042 900 4100 quot
919 4023 984 4080 ioco
1002 4043 1053 4101 pro
1071 4026 1205 4099 fiespet‘iio,
1222 4019 1356 4102 snfpicio:

323 4111 377 4178 'pro
390 4106 535 4179 ingratiis,
556 4109 688 4178 ingratus:
712 4123 761 4180 pto
771 4109 880 4180 gratiis,
898 4106 1009 4178 gratis:
1031 4123 1081 4179 pro
1095 4122 1186 4169 escere,
1212 4097 1248 4159 ὅ
1262 4116 1356 4159 certe:

323 4179 450 4267 seriptum
466 4185 546 4240 etat?
582 4180 654 4270 Qid
671 4200 723 4268 ego
738 4201 845 4262 querar,
873 4181 956 4241 uerba
969 4180 1101 4268 digitioie
1114 4181 1184 4241 adeo
1199 4177 1358 4268 transpodtu

751 4271 755 4280 “
1233 4275 1347 4326 tntetttn
