2892 4775
351 95 909 235 nostrumnon

1097 126 1099 136 ’
1208 143 1300 222 lxxix

146 260 308 346 Ergo'm'bil
319 263 419 322 mirum
439 261 480 333 fit,
500 259 550 343 qui
565 264 689 323 notoriis
704 262 820 344 pedibu
833 265 942 328 ausetat
954 265 999 327 soa
1008 266 1081 344 jora,
1103 268 1140 330 ad
1221 299 1223 304 ·

111 346 231 406 statarios
242 341 381 404 immeriti
395 342 550 408 moriente,
586 339 668 401 silum
677 344 751 402 euim
766 343 853 403 versut
867 347 1038 410 exAudrie:

172 451 176 457 ·
191 423 231 483 Ut
240 422 318 482 nalr‘s
325 423 467 498 gaudeant,
485 429 567 498 atque
575 439 609 477 rx
621 425 780 480 incommodis
794 444 803 480 :

128 503 133 534 ¹
152 500 241 562 nun
253 503 291 558 ell
301 498 430 561 creticum
438 499 585 560 dimetrum
599 501 750 572 nominare,
771 500 818 577 qui
835 502 927 564 tamen
945 503 993 581 per
1006 503 1070 564 cbm
1084 525 1141 566 non

107 577 385 655 ssrlbmsyllabarum
407 595 531 648 numero,
554 571 705 638 sedetiam
726 593 879 656 temporum
902 583 1055 658 quantitate
1077 603 1143 662 pto·

110 659 213 728 inim,
225 655 308 736 quim
327 653 466 732 spondeus
485 656 540 715 fit:
568 671 654 730 quare
671 655 741 716 solur
767 673 848 714 uttam
872 657 1064 720 dimenfionem
1084 681 1140 721 nott

110 737 234 814 eupleat,
252 735 272 792 fi
286 733 429 814 spondaeus⁴
438 735 535 812 implet
548 737 559 790 i
590 734 662 792 Eum
687 751 779 793 tamen
792 731 896 794 secutur
909 735 1016 807 Rivius,
1044 757 1141 814 putem

110 815 208 873 erroris
225 812 331 871 admifi't
344 814 557 889 proportionem.
598 810 747 890 Siquidem
758 813 900 872 trochaicis
921 816 1083 892 anapaeslum
1097 819 1140 874 in·

112 891 206 951 terseri
225 906 419 967 nonuunquam
441 888 540 968 scripsit
561 890 641 954 causa
663 891 827 949 celeritatis:
858 892 936 972 quoti
954 893 1056 951 diuum
1075 913 1140 954 cum

111 971 161 1028 illo
173 969 311 1048 superiore
329 965 600 1044 maximiconvenit,
624 967 697 1026 idem
712 985 832 1048 namque
849 968 988 1029 sentiunt:
1016 971 1080 1030 citro
1093 973 1141 1032 ille

111 1048 244 1108 creticum
258 1046 292 1103 ad
303 1047 441 1118 iambum,
456 1046 500 1103 hic
509 1049 670 1126 anapaestum
683 1045 784 1106 reserat
793 1045 829 1105 ad
844 1051 999 1122 trocheum.
1037 1051 1079 1109 At
1111 1051 1141 1111 ul

112 1145 160 1203 per
172 1127 214 1183 ita
231 1125 296 1185 esset
307 1141 425 1202 quatuor
444 1124 571 1201 praeditur
586 1123 764 1200 temporibus,
784 1140 815 1184 ut
827 1125 884 1184 duo
904 1127 981 1186 srmul
994 1145 1077 1188 unam
1086 1069 1141 1205 syl·

111 1204 206 1263 labant
225 1204 362 1263 efficerent
387 1203 496 1280 plenant
520 1203 645 1278 ponderis
666 1208 693 1259 δι
713 1203 863 1280 gravitatis,
886 1223 940 1264 non
963 1207 1053 1282 potuit
1070 1208 1142 1266 inter

111 1283 233 1341 cursores
259 1282 318 1340 illoo
344 1281 536 1340 annumerari:
569 1281 718 1360 prasertim
741 1297 804 1339 cum
828 1282 921 1340 iambo
941 1283 1049 1341 similior
1075 1285 1142 1344 esset

2 1358 3 1365 '
111 1361 259 1440 acapaeilua
282 1357 364 1439 quim
391 1358 530 1424 trochaeor
558 1377 674 1437 uterque
695 1359 769 1416 euim
793 1358 809 1417 a
831 1360 957 1420 brevibus
980 1360 1085 1438 incipit,
1108 1363 1141 1421 in

113 1441 227 1516 longam
236 1436 344 1495 definit.
385 1435 498 1515 Quanto
511 1437 707 1516 enim‘gtavior
729 1438 765 1494 esi
788 1437 893 1496 iambus
907 1439 1035 1507 trocheo,
1064 1436 1143 1500 tanti

114 1519 154 1575 esi
180 1517 327 1594 anapaestus
346 1513 466 1591 dastylon
506 1517 600 1593 Qate
618 1533 671 1573 non
685 1513 740 1572 levi
762 1512 796 1572 de
816 1516 893 1573 causa
915 1515 1015 1575 fastum
1035 1518 1083 1591 ess,
1110 1531 1144 1576 ut

113 1595 258 1674 gravissimi
271 1594 404 1671 potionatis
423 1593 574 1669 graviffima
587 1611 648 1671 part
660 1591 758 1651 chorus
779 1593 814 1650 ad
849 1594 971 1654 raviliirni
984 1592 1061 1672 pedit
1081 1613 1142 1655 tna·

110 1674 239 1748 jestateru
251 1672 305 1730 sese
318 1671 463 1738 eonsettet,
483 1669 586 1732 scilicet
607 1671 779 1749 anapaeslum.
821 1611 897 1749 (brial
919 1671 997 1752 quio
1016 1673 1062 1730 ille
1082 1674 1142 1732 nul-

114 1755 172 1811 lam
187 1749 274 1826 posuit
288 1751 432 1817 rationem,
455 1767 507 1826 pro
529 1767 672 1828 torquant
691 1750 823 1807 trocheus
843 1749 908 1816 esset
921 1749 1014 1813 iambo
1036 1751 1143 1818 volubi-

115 1831 190 1889 liorl
219 1833 260 1886 At
274 1826 373 1886 vetti&
388 1845 488 1886 nomeu
532 1846 631 1893 raecum
654 1825 794 1886 excitabat
815 1835 873 1897 tion,
894 1830 918 1883 st
937 1829 1044 1886 suberat
1058 1832 1140 1889 ratio.

114 1908 194 1967 Nam
214 1907 262 1984 qui
282 1910 307 1963 ir
326 1905 486 1982 syllabarum
501 1925 625 1975 numero,
646 1911 672 1975 or
695 1919 848 1982 tempotum
874 1908 979 1964 tatione
1002 1923 1051 1982 par
1075 1907 1143 1967 esset

116 1985 223 2053 iambo,
244 2001 298 2043 nou
321 1984 411 2062 potuit
431 1999 465 2039 eo
487 1985 539 2040 elle
553 1985 676 2053 celerior,
696 1981 743 2042 nis
763 1981 824 2041 sani
841 1999 1004 2062 tempotum,
1033 1999 1142 2062 tctttpo·

114 2059 985 2202 iffitbizwsstil'l'lli‘⁰nt⁰20¹tt¹il¹³iiii
1003 2061 1142 2198 illita

115 2217 282 2287 emollescat,
310 2215 429 2295 aequali
452 2159 626 2278 erubescat?
645 2216 757 2276 Iambus
778 2215 794 2275 ὲ
816 2184 952 2276 cont’rario
974 2157 1142 2277 etigrnuem

117 2296 258 2376 professus,
278 2297 440 2373 grauitatem
453 2297 565 2371 praellat.
607 2294 705 2364 Itaque
725 2294 906 2372 sanguinarius
919 2315 976 2374 per,
996 2300 1145 2373 &promp-

117 2378 161 2435 tus
176 2374 214 2434 ati
231 2372 438 2447 vulnerandum,
458 2373 560 2432 indicat
574 2379 601 2433 st
613 2375 746 2456 impetum
760 2371 859 2451 primi),
875 2379 898 2433 st
916 2373 1051 2434 laturiam
1074 2394 1143 2453 pug-

117 2472 183 2512 narn
198 2470 273 2511 rnott.
312 2452 346 2510 Id
360 2453 434 2530 quod
448 2451 599 2531 Hipponax
618 2452 682 2509 cum
695 2452 827 2509 acerrimo
840 2454 948 2530 ingenio
965 2456 1006 2511 vir
1019 2454 1145 2511 animad-

118 2546 251 2602 verteret,
270 2548 353 2607 quam
364 2526 672 2607 rationemimpetoe'in
683 2529 754 2606 pede
768 2532 923 2607 agnovisset,
938 2550 1000 2590 eam
1015 2531 1042 2588 in
1061 2550 1144 2607 pecu-

118 2611 215 2669 liarem
226 2610 291 2685 pedi
311 2608 417 2667 versum
428 2608 577 2668 tmnllulitt
599 2622 630 2665 ut
642 2608 707 2666 ficut
719 2609 824 2666 iambus
837 2609 864 2667 in
878 2609 978 2685 syllaba
992 2610 1072 2685 longa
1082 2625 1145 2686 per·

120 2689 198 2746 tinax
212 2702 358 2765 pugnaret,
380 2688 415 2744 lic
427 2686 559 2744 iambicus
571 2684 658 2744 versuo
680 2688 708 2743 in
727 2688 838 2764 longum
853 2688 951 2765 pedem
966 2686 1144 2747 incumberet.

120 2766 268 2824 Leviorem
283 2768 355 2824 eninr
366 2783 438 2831 tatus
452 2767 584 2834 iambum,
599 2767 684 2841 quim
697 2780 727 2822 ut
737 2766 772 2819 ad
785 2764 981 2841 impressionem
993 2764 1146 2824 satiendam

120 2845 183 2903 satio
196 2843 269 2913 esset,
289 2846 316 2902 in
326 2845 451 2921 quintam
461 2844 573 2920 praelato
586 2842 688 2912 sedem,
708 2842 851 2901 succedere
864 2844 889 2901 ei
904 2840 1058 2919 spondaeum
1069 2842 1145 2901 fecit.

120 2925 216 2994 Quare
229 2920 256 2977 id
271 2922 495 2999 quoquejudicio
507 2920 642 2977 consecuti
664 2919 753 2978 sumus
772 2940 830 2988 nos,
852 2923 959 2997 propius
972 2922 1007 2978 ad
1021 2934 1147 2979 naturam

113 3002 243 3077 partium
265 3000 429 3058 accessurum
454 2998 531 3056 fuisse
557 3012 646 3056 totum
668 2998 785 3067 vetsum,
818 2997 838 3055 st
862 2998 966 3056 iambus
989 2998 1146 3075 imparibus,

120 3078 258 3137 trocltaeur
271 3078 380 3156 paribus
391 3076 495 3135 sedibus
519 3076 653 3133 constituti
676 3074 792 3135 fuissent.
832 3076 917 3151 Cujus
928 3078 966 3133 rei
979 3075 1147 3156 exemplum,

121 3156 254 3233 quoniam
268 3174 310 3213 tes
322 3158 358 3214 ell
371 3158 459 3214 minus
480 3152 585 3223 usitata,
595 3151 612 3211 ὲ
624 3156 715 3212 nobrio
728 3155 870 3232 po'e'tnatiia
883 3153 1051 3229 subjiciemus
1064 3171 1148 3220 unuur
1224 3204 1227 3213 .

123 3235 318 3293 exiambicis:
388 3252 393 3262 ·
681 3286 684 3291 .

206 3313 290 3369 Molis
290 3314 406 3389 fortuna
416 3312 588 3389 Cornucopia
597 3314 697 3384 fiendis.

121 3399 126 3410 ¹
163 3388 289 3448 Alterum
303 3410 337 3448 ex
350 3392 515 3468 trochaicisg

203 3470 234 3525 Si
243 3470 352 3543 ‘plaudit
365 3471 573 3546 malissomna,
593 3472 733 3548 pridjastr's
739 3471 779 3545 fit
793 3474 810 3528 i

163 3547 221 3623 Qi
243 3546 327 3603 licius
348 3565 522 3619 numerorum
546 3547 565 3605 st
587 3548 632 3605 cui
656 3545 783 3617 absurdus
797 3544 914 3617 videtur,
949 3546 969 3603 ir
996 3544 1153 3605 meminerit

126 3625 235 3681 aurium
253 3624 475 3683 consuetudinem
497 3625 646 3683 violentam
669 3626 743 3683 esse:
773 3623 899 3702 novique
919 3640 1002 3701 atque
1028 3622 1155 3681 inusitata

125 3716 253 3759 nontam
273 3702 379 3777 setnpet
402 3702 540 3773 admirari,
569 3701 652 3782 quim
675 3703 744 3779 saepe
771 3702 901 3779 respuere.
942 3701 1050 3783 Verum
1075 3719 1153 3779 mag-

87 3820 92 3829 ·
118 3781 242 3856 mopere.
256 3782 344 3837 eollra
367 3781 485 3849 interest,
516 3782 564 3858 qui
591 3780 684 3857 quoad
703 3783 768 3838 licet
792 3780 941 3839 Aristotelia
964 3778 1090 3863 exemplo
1110 3796 1156 3835 re-

126 3874 187 3916 rum
216 3857 308 3916 causae
334 3858 504 3933 vestigantur,
535 3859 628 3916 venari
663 3859 809 3925 rationem,
846 3871 957 3934 propter
982 3876 1065 3933 quam
1091 3854 1156 3916 cim

125 3936 221 3992 iambo
240 3934 332 3993 sedem
354 3936 513 4013 affigoarent
538 3932 626 4013 prisci,
650 3936 796 3994 maluerint
817 3953 893 4013 pateo
915 3930 1057 3994 retineres
1079 3934 1175 3993 Nam*

125 4011 158 4068 lit
174 4013 202 4069 in
216 4012 351 4089 daslylico
364 4012 469 4073 senario
488 4032 541 4072 uua
556 4015 663 4073 tantum
685 4012 823 4082 satisfuit,
847 4014 943 4090 quinta
964 4013 1079 4071 scilicet:
1104 4010 1158 4069 five

125 4088 173 4146 ille
199 4090 252 4181 suit
267 4090 435 4183 spondaitup,
457 4111 510 4184 urta
524 4093 590 4151 item
612 4092 753 4183 suitsatis,
777 4093 880 4167 quippe
892 4090 986 4149 sexta:
1008 4108 1091 4185 (purte
1106 4104 1162 4147 tro·

125 4167 205 4241 pbeo
225 4188 356 4259 impare,
381 4171 448 4231 altra
471 4170 564 4232 iambo
593 4173 777 4231 constitueres
810 4187 875 4236 naut
900 4170 955 4235 hoc
976 4168 1038 4230 sane
1064 4182 1160 4241 prater

583 4248 631 4325 s3
1038 4260 1162 4314 naturam¹
1224 4274 1227 4286 ·
