2892 4775
135 71 208 166 Mi

489 70 1124 162 PROLEGOMENA

301 224 411 298 optimas
432 224 554 273 extrema
567 214 613 283 ell,
641 210 713 271 tollit
734 210 960 290 frequentibus:
989 214 1111 273 extremi
1129 192 1225 295 pribris
1241 215 1333 279 uersus

300 298 392 355 vocali
404 296 440 354 esi
450 310 513 352 cum
527 292 563 350 ad
576 289 762 350 inchoandum
773 292 932 371 sequentem
945 308 1054 350 utatur:
1078 296 1117 352 est
1131 314 1203 365 curn,
1225 296 1244 353 fi
1258 296 1332 356 sorte
1391 317 1396 326 ·

300 374 403 434 vocalis
424 372 467 443 sit,
489 370 607 429 dvocali
629 388 692 448 quai
717 369 875 447 sequentem
899 371 1011 429 inchoat
1031 373 1147 442 versnni,
1170 375 1234 432 elidi
1249 378 1329 447 uelit,

300 448 535 531 quemadmodum
559 467 621 583 quas
643 448 800 526 sequentem
813 448 934 518 inchoat,
953 448 990 505 ab
1010 468 1044 506 ea
1057 451 1165 510 interim
1179 453 1331 513 absumitur

300 533 390 590 vocali
403 548 464 609 quae
473 546 558 605 praece
579 540 671 585 entem
684 526 797 583 claudit.
837 526 905 585 Haec
919 525 1025 601 judicio
1037 530 1125 585 nostro
1138 530 1208 599 sunt,
1221 551 1284 609 quae
1293 532 1332 590 de

300 606 418 669 irersrbus
426 604 600 667 Terentiauis
614 610 639 664 δι
652 604 762 682 praecipi
768 603 925 684 'debuerunt
938 605 1091 677 uetessmio,
1107 610 1132 665 ἀ
1149 605 1213 667 vere
1232 625 1333 689 potue·⁴

299 703 373 750 runt.

390 840 690 917 uunuois
716 827 1244 923 MEGALENSIBUS.
1437 947 1438 960 Ν

301 1008 405 1164 Da
421 1006 506 1067 nnis
520 986 721 1145 sicpqiinnsn
735 1008 799 1099 qna
813 1010 879 1068 cern
893 1007 960 1067 ,rin
973 1007 1195 1085 apudAuthores
1208 1012 1328 1091 ,perrea
1437 979 1438 994 '

400 1088 574 1168 baui,nona
620 1107 650 1147 re
662 1103 767 1166 putavi,
801 1107 840 1148 uae
850 1087 1001 1165 colligerei
1021 1085 1047 1146 se
1056 1091 1145 1165 potui,
1160 1091 1188 1147 iu
1203 1092 1330 1150 medium

302 1166 409 1225 afferre.
449 1166 607 1240 Minerviae
629 1160 748 1245 Magnos
774 1108 828 1225 diei
849 1162 984 1225 aiGrae'cis
1031 1186 1077 1223 eos
1090 1167 1189 1226 author
1211 1170 1248 1227 esi
1269 1170 1332 1229 Do·
1437 1179 1438 1196 ³

235 1276 240 1293 ·
302 1258 402 1305 natus:
423 1250 477 1314 eser
491 1246 563 1306 enim
578 1244 677 1303 AEolrs
688 1248 764 1305 Deos
777 1260 899 1303 vocant:
920 1243 993 1303 unde
1005 1244 1119 1320 sibyllas
1142 1245 1196 1304 dici
1211 1247 1268 1307 vult
1287 1250 1331 1306 A·

303 1324 387 1381 risio:
409 1324 485 1403 quod
495 1322 618 1383 Deorum
633 1337 737 1382 mentes
749 1320 909 1401 consiliaque
922 1322 1095 1402 perspiciant.
1135 1326 1253 1403 Magnos
1261 1323 1329 1385 verri
1437 1335 1438 1392 ζ

303 1398 394 1473 Deos,
415 1403 547 1481 intelligo,
568 1420 635 1480 quos
650 1401 789 1476 Majorum
810 1403 931 1480 gentium
947 1402 1046 1461 Cicero
1068 1415 1159 1474 vocat,
1177 1405 1224 1481 qui
1245 1401 1332 1463 aiter·
1437 1419 1438 1422 ’

304 1480 400 1539 risin'
419 1480 518 1541 roelum
539 1500 593 1539 uon
614 1497 781 1558 pervenere:
803 1482 869 1539 tales
888 1478 1059 1539 habebantur
1075 1481 1191 1557 Jupiter,
1218 1482 1330 1558 Neptu-

303 1578 364 1630 nus,
379 1558 517 1630 Minerva,
532 1560 612 1635 Juno.
630 1584 632 1588 ·
653 1560 693 1617 At
705 1577 795 1636 neque
808 1560 912 1638 magnis
925 1558 1050 1618 omnibus
1070 1556 1141 1629 Diis,
1161 1556 1206 1617 sed
1222 1559 1331 1620 taurim

304 1638 454 1696 coeleslibus
468 1651 545 1697 eraut
559 1638 587 1694 hi
601 1634 657 1695 ludi
671 1634 826 1697 consecrati.
865 1639 928 1697 Hos
941 1636 993 1695 esse
1014 1655 1081 1715 quos
1102 1636 1243 1697 Romanos
1259 1640 1331 1696 inte-

304 1716 358 1774 rim
372 1716 496 1775 videmut
509 1714 668 1793 appellatos,
690 1733 725 1771 ex
738 1733 772 1773 eo
784 1716 896 1794 colligo,
916 1714 990 1793 quod
1012 1715 1141 1774 Asconius
1154 1714 1254 1788 scribit,
1268 1716 1328 1776 Ro·
1437 1767 1438 1776 ,

304 1812 400 1853 manos
410 1795 486 1853 ludos
499 1794 618 1871 Magnos
631 1812 741 1871 quoque
754 1794 894 1869 appellari,
915 1792 990 1870 quaid
1004 1789 1109 1873 magnis
1124 1795 1186 1854 Diis
1199 1812 1276 1854 erant
1287 1796 1331 1854 iu·

300 1872 404 1929 'ilitutii
425 1892 493 2008 qpou
506 1872 614 1930 eosdem
638 1870 774 1929 Circenses
796 1871 884 1931 dirtos
902 1887 989 1949 putat.
1031 1871 1114 1931 Unde
1126 1872 1192 1930 illud
1209 1875 1330 1951 Virgilii,

304 1946 413 2029 Magnis
455 1948 669 2027 'rrenssbnsasi'in
708 1950 778 2008 Nori
799 1950 852 2008 esse
870 1950 979 2009 eosdem
1001 1950 1079 2009 ludos
1102 1951 1283 2029 Megalenses,
1304 1958 1332 2011 se
1437 2007 1438 2020 ,

303 2048 350 2087 eos
363 2048 446 2105 equos
459 2026 605 2106 Megalesia
617 2027 741 2099 dicimus,
766 2046 801 2085 ex
814 2029 952 2088 Ciceronis
965 2030 1097 2088 Oratione
1110 2030 1146 2086 de
1166 2028 1331 2109 Aruspicum
1378 2076 1382 2084 .
1437 2063 1438 2086 3

302 2102 430 2184 responsis
452 2106 544 2184 aperti
558 2107 720 2185 colligimus,
745 2104 791 2164 ubi
810 2107 960 2185 Megalesia
974 2106 1173 2185 Megalensibus
1193 2108 1327 2167 celebrari

303 2186 395 2244 dicit:
429 2186 524 2245 Verba
550 2184 585 2243 fic
603 2185 715 2255 haberit,
737 2185 814 2243 Nam
837 2187 903 2263 quid
926 2205 979 2265 ego
1000 2186 1036 2242 de
1057 2185 1108 2243 illis
1130 2185 1200 2243 ludis
1221 2187 1330 2264 loquar,
1437 2203 1438 2208 ¹

305 2282 373 2341 quoi
386 2265 412 2321 iri
429 2263 533 2322 Palatio
547 2262 625 2321 nostri
636 2262 754 2338 majores
773 2280 838 2321 aute
851 2265 984 2343 templum
998 2265 1024 2322 in
1039 2264 1096 2341 ipso
1109 2264 1207 2323 Matris
1220 2285 1330 2345 magnae

304 2341 446 2421 conspesiu
458 2339 658 2422 Megalesibus
672 2338 730 2400 fieii
743 2340 928 2422 celebrarique
938 2343 1082 2401 voluerunt
1095 2348 1105 2403 l
1119 2344 1167 2423 qui
1179 2342 1238 2403 sunt
1250 2362 1328 2404 inore

303 2421 479 2500 institutisque
492 2415 611 2480 maxime
623 2419 696 2491 calli,
720 2419 849 2490 solennes,
874 2420 996 2499 religiosi,
1017 2422 1113 2499 quibus
1127 2421 1196 2479 ludis
1208 2425 1329 2499 primum
1437 2470 1438 2489 ,

175 2505 178 2508 ’
303 2513 367 2558 ante
381 2500 474 2578 populi
487 2499 633 2560 consessum
646 2499 757 2558 Senatui
770 2499 801 2557 Ρ.
817 2499 961 2558 Africanus
978 2501 1077 2558 iterum
1088 2499 1189 2559 Consul
1210 2502 1331 2560 illeMa-

316 2598 347 2636 or
360 2578 447 2648 dedit,
462 2594 491 2637 ut
511 2597 558 2636 eos
575 2579 652 2638 ludos
677 2577 735 2636 haec
747 2577 805 2635 lues
817 2579 923 2655 impura
936 2578 1085 2655 pollueret:
1107 2575 1162 2656 qub
1182 2579 1202 2636 si
1220 2582 1282 2660 quis
1294 2581 1330 2638 li·

301 2597 355 2714 ber
368 2673 414 2714 atu
428 2657 573 2734 speslandi‚
598 2671 645 2716 aut
660 2655 743 2713 etiam
759 2652 894 2732 religionis
905 2656 984 2714 causi
998 2657 1150 2728 accesserat,
1170 2678 1264 2717 manus
1278 2658 1330 2718 ad·

303 2735 477 2796 serebantur:
498 2733 553 2814 qud
566 2751 691 2813 matrona
701 2733 773 2792 nulla
785 2734 853 2791 adiit
866 2748 976 2812 propter
990 2736 1045 2793 vim
1058 2735 1258 2816 consessumque
1271 2737 1325 2795 ser-

302 2832 410 2871 vorum.
453 2812 497 2874 lta
509 2813 586 2873 ludos
600 2834 645 2872 eos
655 2829 771 2890 quorum
787 2811 884 2890 religio
895 2829 971 2871 tanta
981 2815 1027 2884 eli,
1042 2829 1073 2872 ut
1087 2834 1121 2873 ex
1134 2816 1235 2873 ultimis
1250 2815 1328 2875 terris

302 2892 430 2949 accersita
450 2893 477 2950 in
492 2892 544 2950 hac
558 2891 621 2950 urbe
634 2889 797 2959 consederit,
820 2891 868 2967 qui
887 2893 971 2950 &uni
992 2892 1049 2950 ludi
1069 2913 1103 2951 ne
1117 2894 1202 2952 verbo
1212 2893 1327 2971 quidem

303 2971 475 3048 appellantur
487 2967 597 3042 Latino,
612 2974 641 3029 u't
657 2961 792 3028 vbcabulo
805 2968 862 3047 ipso
878 2974 902 3026 da
916 2973 1038 3050 appetita
1045 2971 1147 3048 religio

301 3141 375 3197 runt,
390 3126 456 3206 servi
469 3116 662 3214 spatiarerqnt',
688 3123 747 3185 to'ta
760 3117 880 3204 denique
899 3129 952 3186 hoc
966 3127 1054 3186 AEdili
1067 3127 1203 3185 servorum
1225 3127 1325 3208 Mega-

299 3206 364 3263 lesia
377 3205 494 3264 suerunt.
534 3205 665 3281 Extrema
677 3205 736 3272 haee
749 3205 833 3262 verba
845 3204 984 3263 declarant
997 3205 1055 3262 illos
1069 3203 1157 3276 ludos,
1172 3225 1249 3282 quos
1263 3211 1328 3286 Me·

299 3283 448 3375 galensibus
471 3284 499 3342 iri
512 3283 662 3356 Patarinssjin
673 3283 732 3362 ,ipso
743 3283 842 3341 Matris
861 3303 967 3361 magna
986 3282 1129 3360 conspeslu
1142 3283 1198 3342 seri
1217 3285 1328 3345 dicebat
1437 3324 1438 3351 ,

300 3379 380 3420 initio
393 3362 445 3420 elle
459 3362 621 3438 Megalesiap
645 3370 714 3418 ham'
729 3359 857 3420 &Livius
875 3361 965 3421 scribit
980 3361 1023 3419 M.
1038 3362 1102 3438 Jun.
1116 3363 1226 3421 Brutum
1240 3365 1327 3422 aedem
1437 3362 1438 3407 l

300 3459 407 3518 magnae
418 3439 504 3500 Matri
517 3441 609 3500 Desim
630 3441 657 3497 iri
678 3425 782 3496 Palatio
794 3438 938 3512 dedicasse,
962 3444 986 3496 dr
1000 3441 1077 3497 ludos
1090 3437 1127 3498 ob
1141 3460 1201 3500 eam
1216 3441 1328 3500 dedica·
1437 3452 1438 3503 i

300 3521 403 3577 tionem
435 3519 528 3590 factos,
565 3517 893 3596 Megalesiaappellasle.
945 3519 1116 3596 Megalenses
1146 3520 1228 3596 porrri
1257 3518 1326 3588 ludi,
1437 3534 1438 3539 ’

300 3599 356 3656 sive
380 3599 510 3668 Romani,
533 3595 585 3656 five
610 3597 717 3676 Magni,
740 3595 794 3654 siue
814 3596 961 3668 Circenses,
987 3597 1034 3655 sub
1054 3597 1161 3674 regibus
1185 3598 1259 3656 suere
1285 3601 1328 3659 in·

199 3725 207 3732 .
300 3677 402 3734 sliruti:
423 3677 579 3756 fiebantque
589 3676 640 3756 ,sub
653 3676 761 3748 initium
776 3676 871 3734 mensis
883 3677 1067 3755 Septembris:
1089 3676 1223 3736 durabant
1233 3692 1328 3739 autern

298 3772 354 3811 non
379 3755 493 3832 amplius
512 3755 570 3814 diei
594 3774 703 3814 novem.
744 3754 843 3814 Cicero
864 3755 893 3813 in
913 3755 1020 3813 afflone
1043 3755 1130 3833 prima
1144 3757 1171 3812 in
1187 3755 1303 3814 Verrem
1316 3777 1336 3815 :⁴

289 3833 410 3893 ‘Nonnae
432 3838 492 3899 sunt
505 3839 588 3898 hodie
607 3837 729 3906 Sextiles,
754 3837 822 3894 hora
844 3855 917 3892 nona
936 3837 1080 3891 convenire
1093 3835 1225 3911 erupistis:
1253 3835 1327 3894 bunc

297 3913 372 3976 diem
389 3917 449 3992 jam
464 3938 498 3977 ne
512 3935 654 3978 numerant
668 3915 802 3994 quidem:
830 3913 927 3972 decem
940 3913 998 3968 dies
1013 3911 1072 3968 sunt
1086 3930 1150 3971 ante
1162 3911 1240 3971 ludos
1254 3916 1326 3984 voti-

297 4011 355 4063 vos,
375 4017 442 4074 quos
457 4000 509 4057 Cn.
524 3999 667 4075 Pompeius
685 3994 800 4052 sabinius
820 3995 857 4052 est
872 4013 887 4062 r,
902 3993 922 4050 ii
943 3990 999 4048 ludi
1024 3987 1081 4080 dies
1103 3991 1259 4072 quindecim
1275 4011 1326 4050 au-

297 4077 405 4139 seient:
423 4075 522 4138 deinde
536 4079 654 4140 Romani
667 4074 797 4136 contiuuo
809 4071 1026 4150 consequantur;
1048 4084 1086 4130 ita
1100 4069 1185 4152 prope
1203 4091 1247 4131 xi
1266 4069 1330 4208 dge-

1298 4169 1330 4211 ue
1347 4202 1350 4211 .

265 3045 271 3056 '
301 3047 399 3108 Matris
414 3068 520 3126 magnae
538 3051 648 3123 nomine
672 3047 789 3125 suscepta
811 3047 980 3108 declaretur:
1002 3051 1051 3108 lios
1064 3050 1142 3107 ludos
1161 2977 1329 3108 ssdsinse’cg
1437 3046 1438 3103 l
