2892 4775
214 222 217 227 ⁵
314 128 871 208 ornumornum

78 252 280 337 denegandum
294 256 384 315 minus
406 256 552 315 convenire
572 254 706 316 videatur.
747 255 865 317 Versum
882 253 933 317 esse
947 254 1113 317 trochaicum

77 338 195 427 constat,
218 332 238 392 fi
259 337 329 394 Audi
349 352 403 393 non
425 334 602 428 detrahimus,
615 336 911 427 ‘hypercataleilicum
942 354 1006 395 cum
1033 334 1113 394 Dorio

78 411 999 570 misiliminl'illlisinsilistis?
1012 432 1118 549 llll

80 572 230 637 trahimus,
251 574 276 628 δι
299 570 435 629 sententie
449 569 603 637 consulitur,
628 574 652 627 δι
675 569 762 627 uersus
777 572 805 628 T
808 570 947 628 rochaicus
969 568 1016 627 liet
1039 585 1116 628 cato·

79 650 208 717 lecticas,
232 649 324 727 quales
337 647 384 725 qui
406 646 552 723 sequuntur
565 666 669 716 omnes,
696 647 869 725 quiquidem
883 646 1033 706 Trochaici
1047 647 1118 707 sunt.

82 730 233 802 Parenrper
246 725 311 785 illud
325 724 455 784 Phaedriae
469 724 505 783 ad
520 723 747 803 esspeslationenr
771 728 903 803 pecuniae,
925 744 979 784 non
993 724 1027 783 ad
1041 726 1121 783 sudi·

81 809 192 865 entiam
215 804 309 863 referri
330 804 432 863 debere
456 804 568 862 omnino
592 802 745 863 confirmo:
775 805 893 883 sequitur
913 804 996 875 enim,
1018 804 1119 895 Nequeo

81 906 200 945 exorare
216 898 246 943 trs
258 906 362 942 mamas
374 886 488 941 triduum
498 882 546 939 boc
560 886 577 939 ,θ
604 881 693 939 Locus
713 885 767 941 hoc
778 884 878 941 habere
890 882 1029 941 sententiae
1042 882 1121 941 urde-

83 980 142 1038 tur,
156 964 258 1033 Dorio,
283 962 371 1041 inquit
384 960 517 1021 Phaedria.
543 958 664 1036 exspeila
677 958 788 1019 obsecro
808 962 874 1018 dum
888 963 1032 1039 pecuniam
1054 979 1121 1020 con·

82 1040 159 1107 fido.
202 1040 300 1109 Sardo,
317 1040 407 1119 inquit
420 1038 517 1107 Dorio,
533 1036 652 1113 fabulam
667 1056 766 1099 narrat.
806 1040 918 1098 Missum
933 1058 978 1097 me
991 1037 1044 1109 sac,
1058 1058 1121 1098 mo·

83 1122 165 1181 lelius
176 1140 215 1179 es.
237 1120 291 1178 llic
302 1116 434 1187 thodria‚
452 1116 521 1175 Audi
531 1118 697 1193 quo-laicam,
714 1120 805 1189 Dorio,
827 1141 876 1176 non
887 1123 1023 1195 meropis:
1045 1116 1122 1197 quod

85 1218 235 1279 parumper
247 1215 314 1275 peto
336 1214 367 1255 ut
389 1194 535 1275 exspectes,
552 1194 633 1252 estut
655 1194 774 1254 triduum
797 1195 903 1255 tantiam
917 1196 1065 1273 exspccles,
1088 1214 1124 1255 ne

85 1278 164 1357 quod
181 1294 325 1355 parumper
338 1289 369 1332 ut
381 1273 516 1349 exspesies
529 1288 605 1349 peto,
629 1288 716 1349 putes,
730 1291 824 1351 petere
838 1293 894 1345 me,
912 1273 1055 1333 homiuum
1069 1274 1121 1333 ali-

85 1374 170 1417 orum
184 1372 272 1426 more,
286 1368 316 1411 ut
330 1354 356 1410 in
369 1354 468 1411 multos
482 1348 539 1408 dies
551 1362 598 1408 aut
612 1349 714 1409 menses
729 1350 876 1430 exspectes.

1216 97 1296 205 litu¹

129 1436 168 1494 A.
186 1436 334 1507 Miseritum
344 1434 387 1509 est.
418 1429 449 1488 P.
465 1430 506 1487 bei
517 1434 590 1487 veris
603 1433 706 1487 vincor.
734 1431 775 1489 G.
789 1454 866 1509 quam
877 1428 1123 1512 eslererquefimil?
1245 1454 1249 1462 ·

82 1517 130 1590 soi
141 1510 179 1588 ι’]
199 1512 231 1571 ln
246 1510 388 1573 hacscena
402 1505 491 1567 versus
514 1527 567 1565 non
588 1508 626 1565 eii
640 1508 707 1565 alius
728 1508 864 1568 difficilior
876 1511 1026 1569 intelleslu.
1067 1506 1125 1566 Mi·

81 1596 200 1665 serirm
215 1588 365 1667 est‚ydlcece
380 1607 428 1665 per
449 1585 563 1644 ironiam
578 1584 766 1662 Antiphonem
787 1588 845 1646 vult
866 1589 1025 1667 Interpres:
1049 1585 1127 1667 qnod

161 1668 201 1729 illi
214 1667 348 1727 asscntior.
390 1668 429 1724 ht
440 1660 507 1741 quid
522 1663 552 1721 fit
566 1666 639 1722 veris
651 1668 766 1722 vincor:
787 1664 866 1743 quid,
875 1664 964 1745 Quim
978 1668 1132 1745 estuterqra

85 1690 246 1831 Zilissei,
268 1763 356 1823 neque
371 1744 415 1801 ille
430 1743 507 1812 dicit,
535 1760 623 1819 neque
648 1761 702 1819 ego
724 1733 856 1823 assequor!
901 1747 1036 1822 Scriptum
1049 1745 1126 1805 sitisse

92 1827 189 1899 metio,
210 1824 264 1883 Hei
288 1820 378 1881 verbis
397 1828 499 1880 vincor.
541 1820 680 1879 Vincebst
706 1823 779 1879 enim
808 1823 923 1881 Lenonis
947 1824 974 1881 in
1001 1822 1129 1901 nepotis

92 1904 246 1986 pertinacia
261 1908 286 1960 ει
303 1900 463 1979 loquacitas,
486 1898 661 1956 adolescentis
687 1898 796 1977 ingenui
820 1918 904 1981 atque
931 1900 1050 1960 liberalis
1077 1920 1127 1977 pu·

93 1986 202 2041 dorem.
245 1978 432 2060 Qamobrem
446 1980 535 2035 secum
549 1976 634 2046 Geta,
657 1976 749 2055 Qtim
764 1979 841 2036 Leno
856 1982 887 2047 is,
915 1980 1016 2059 inquit,
1037 1998 1128 2038 mores

93 2062 212 2121 Lenonis
225 2059 319 2128 habet,
345 2054 514 2115 &Phaedria
543 2055 668 2131 pudentis
691 2072 774 2150 atque
794 2057 911 2117 liberalis
938 2056 1127 2132 adolescentis,

92 2140 141 2218 qui
164 2138 254 2197 serbis
268 2135 284 2195 ai
297 2130 496 2197 Lenonehsno·
509 2134 535 2193 se
557 2132 686 2191 fateatur.
729 2146 767 2195 tat
779 2136 927 2273 Scenle
952 2138 1023 2195 Dum
1041 2140 1126 2215 igitur

20 2239 25 2249 ·
95 2222 161 2278 iiim
180 2214 266 2289 licre]
292 2214 369 2274 Diem
392 2233 445 2272 una
463 2214 585 2289 syllaba;
607 2212 679 2269 hunc
693 2215 798 2272 versum
812 2215 881 2273 citat
928 2214 1053 2273 siscianus
1071 2214 1127 2273 sane

94 2300 171 2355 aiem.
193 2296 255 2373 Ego
268 2294 341 2353 malo
363 2306 474 2369 propter
488 2290 651 2369 elegantiam
671 2289 802 2367 syllabam
825 2292 915 2351 facere
937 2312 1019 2352 unam
1042 2291 1127 2373 quim

96 2374 206 2444 toliere,
221 2393 283 2432 cum
297 2393 330 2433 ea
350 2372 469 2432 dislioue
484 2368 596 2441 sublata,
621 2368 710 2428 versus
729 2372 812 2430 etiam
826 2368 900 2430 aliud
914 2370 1056 2430 desideret.
1081 2372 1126 2430 lix

96 2455 164 2512 Asi.
179 2451 234 2512 IV.
250 2451 329 2512 Scen.
348 2451 402 2512 lV.
428 2446 569 2584 Arsissa]
599 2451 716 2525 Aruspex
737 2452 785 2528 qui
799 2451 834 2510 ab
847 2451 964 2530 Harugs
978 2449 1129 2522 derivatur,

96 2534 216 2610 primam
231 2531 354 2590 vocalem
370 2529 471 2588 habere
503 2528 565 2586 ebes
579 2525 733 2605 aspiratam.

137 2613 183 2670 Ex
197 2609 260 2666 Asi.
272 2609 310 2668 V.
326 2608 405 2666 Scen.
421 2605 458 2665 li.
477 2605 615 2676 Vorsuram
622 2602 735 2680 sol-vis]
751 2606 867 2683 Vorsirrrs
879 2606 970 2684 potius
983 2605 1133 2686 legendum

98 2685 112 2744 s
147 2689 216 2745 timo
230 2683 301 2756 casu,
323 2684 566 2762 quintanorum,
582 2683 628 2740 etst
644 2683 834 2742 Budaeosliter
850 2688 966 2743 videtur.
1001 2687 1133 2746 EtScen.

100 2707 157 2824 ffl
175 2763 427 2902 διὲὶιξαιβαῧῗ]
455 2765 550 2822 Sensim
565 2764 653 2840 priore
667 2763 749 2840 longo
765 2783 814 2840 pro
827 2779 960 2842 perpetuo
976 2769 1001 2822 δι
1022 2763 1134 2840 aequali·

108 2861 160 2904 ter.
231 2859 240 2900 t
272 2863 332 2901 cen.
396 2886 401 2898 .

189 2921 229 2978 G.
246 2920 395 2999 Vapulobt's.
418 2919 454 2977 A.
467 2917 500 2975 sd
510 2917 623 2996 tibijam
632 2923 729 2996 quidem
734 2921 798 2997 fier,
810 2918 859 2997 nist
867 2921 970 2996 resistis,
984 2917 1106 2982 verbero.
1183 2935 1186 2938 ’

187 3001 227 3058 G.
242 2998 451 3058 Familiariorem
465 3009 563 3072 oportet
572 2997 619 3072 effi
631 3003 696 3056 bunc
709 3005 753 3075 qui
765 3004 903 3056 minitatur
910 3001 1017 3060 malum.

142 3079 258 3137 Scenam
272 3077 343 3136 hanc
367 3076 510 3142 trochaicis
532 3077 651 3132 conllare
665 3079 827 3136 cutalesiicis
849 3077 938 3137 versus
961 3078 1139 3140 metientibus

103 3159 207 3217 clarum
231 3154 279 3214 est.
319 3158 414 3230 Qtare
437 3173 498 3210 cunr
508 3155 580 3242 prior
605 3153 650 3211 ille
674 3153 760 3214 versus
782 3173 870 3232 neque
896 3157 1049 3214 trochaicus
1072 3157 1139 3217 esset

104 3235 162 3311 ejus
176 3234 316 3302 mensurae,
330 3253 414 3313 quam
429 3230 590 3292 Terentiani
602 3231 688 3292 tersus
703 3253 842 3312 nunquam
857 3233 1003 3299 excedunt.
1020 3235 1074 3292 hoc
1088 3235 1138 3306 est,
1181 3227 1185 3233 ’

104 3333 168 3374 cum
182 3329 273 3391 neque
285 3311 376 3370 nilon.
392 3309 457 3370 esset
472 3309 652 3380 catalectico,
673 3331 760 3387 neque
783 3312 1052 3387 hypercataleslicus,
1074 3314 1142 3372 inci·

105 3395 148 3451 dit
161 3391 254 3449 animo
267 3390 388 3468 suspicio,
409 3391 470 3448 loco
482 3385 585 3466 aliquid
600 3387 652 3446 eise
665 3388 801 3452 additum,
817 3391 860 3446 vel
873 3388 950 3448 certis
964 3390 1117 3450 damasium
1133 3411 1141 3448 ε

105 3467 390 3624 ῗὲὲῖἶῖἶῗὲῗῖῗίἑζ
411 3465 1146 3623 lllsllsllillhlsslssll‘llllhiliis

107 3595 262 3686 mersisset.
303 3625 333 3692 ln
349 3591 437 3682 eo’ita
449 3621 576 3698 scriptum
591 3625 679 3700 reperi
694 3645 701 3684 ε

186 3705 229 3764 G.
252 3700 406 3779 Vapulabis.
447 3700 563 3759 Cerialis
572 3701 686 3758 vernido
699 3705 735 3778 est
746 3706 790 3780 qui
802 3727 840 3761 me
850 3717 942 3761 vocas:

186 3783 225 3840 A.
249 3779 283 3838 Μ
294 3778 345 3839 ribi
360 3782 455 3858 quidem
461 3782 522 3857 jam
524 3781 587 3854 yses,
603 3781 650 3858 nist
663 3781 767 3856 resistis,
791 3780 911 3853 verbero.

187 3861 230 3926 G.
252 3857 458 3916 Familiariorem
475 3871 573 3932 oportet
587 3858 632 3934 effe
646 3857 711 3916 broc
725 3865 770 3936 qui
780 3865 888 3921 minitat
898 3859 1003 3918 torulum.

147 3939 222 4020 Qtae
235 3935 316 3995 leslio
330 3953 441 4014 propter
454 3935 551 3992 multus
565 3955 605 3992 res
620 3937 690 3994 mihi
705 3939 836 4014 probatur
852 3958 859 3994 :
881 3937 967 3995 versui
988 3937 1061 3997 enirn
1081 3957 1150 3998 cou-

107 4015 213 4085 sulitur,
229 4013 295 4074 &id
332 4013 383 4072 uod
398 4011 519 4088 subjecit,
545 4011 755 4072 Familiariorem
780 4017 826 4090 effe
845 4029 955 4092 oportet.
977 4023 1024 4107 qui
1042 4022 1151 4080 minitat

112 4093 223 4168 maium,
256 4034 409 4174 expsicatur
432 4091 541 4169 magis:
573 4109 671 4150 vocare
697 4092 770 4151 enim
798 4095 889 4172 potuit
912 4093 1011 4178 quitto,
1041 4095 1152 4156 vernula

623 4189 678 4246 e4
1055 4189 1151 4246 otram,
