2892 4775
234 115 244 141 ³
327 103 874 189 rtRuNrJANm

1146 122 1282 204 “Um

89 235 174 314 quim
187 233 380 314 comperirdlii
394 255 452 296 rem
465 235 530 315 agi.¹
561 234 672 297 Fallitur
684 251 788 308 autem,
803 257 866 298 cum
879 235 991 318 tingitur
1002 235 1115 301 Bacchis
1230 239 1234 250 '

91 317 145 374 esse
162 313 270 373 Cliniae.
311 315 344 374 In
358 316 445 394 prima
459 314 557 373 sabuiae
578 331 665 392 parte,
688 317 734 374 ubi
758 317 954 376 Menedemum
976 313 1119 375 confirmat

91 395 236 461 Chremer,
255 392 346 484 oratio
367 393 405 451 est
417 391 606 484 deliherativi„
613 394 659 452 seu
671 390 777 484 suasorii
792 397 906 472 generis,
926 413 981 529 oua
995 395 1041 451 hic
1052 411 1120 452 con·

91 471 203 540 solatur,
222 486 313 550 erigit,
333 485 426 529 monet
448 489 533 529 animi
553 489 656 549 regrum
679 490 806 530 ricinum.
841 473 879 542 ‚In
902 492 928 529 re
941 491 1005 550 iqua
1019 471 1119 530 fabrdae

91 564 182 627 parte,
201 567 264 626 qum
286 547 436 628 pericnlum
458 547 591 618 concinet,
619 561 661 608 rea
681 549 770 608 omnir
794 549 965 612 transsatione
980 553 1118 608 rhetorica

92 625 1121 782 :i‘htttssttfgtflsiz‘tiitdissaisitidestitistis:

92 783 265 842 callidissimis
290 782 401 841 consiliio
421 800 580 860 neutiquam
601 783 763 862 respondent
788 800 909 842 eventus.
948 783 1009 842 Nec
1024 783 1120 860 vulga·
1158 801 1163 814 ·

93 862 159 919 riter
172 860 208 918 de
218 861 266 919 suo
276 860 386 920 consilio
395 859 443 919 tihi
457 859 512 938 ipse
524 861 624 938 placet,
644 854 707 919 cum
720 862 760 920 ait
775 881 782 919 :
806 863 856 920 Hic
875 882 917 933 me¹
927 860 1060 938 magnifice*
1075 863 1115 935 rs·

85 942 161 1018 serr,
181 943 230 996 dcc.
269 939 316 997 Est
338 957 372 996 ea
387 937 500 998 mirifica
518 941 630 998 omniuo
650 941 742 1016 imago
765 939 945 996 humanorum
967 943 991 996 dr
1011 937 1115 995 consisi-

94 1035 173 1074 orum
194 1021 393 1075 &eventuum
432 1017 537 1076 Fallunt
550 1019 623 1076 enim
642 1015 698 1075 ferd
718 1015 871 1074 astutissima
888 1014 995 1074 consilia
1014 1032 1118 1072 morra·

94 1093 154 1153 ier:
175 1094 251 1153 Sicut
263 1095 424 1154 Ciceronem
435 1091 534 1155 fefellit
546 1110 656 1153 crentur
668 1093 744 1168 helii,
766 1093 889 1154 aduersus
903 1092 1053 1154 Antonium
1066 1092 1120 1152 sus·

94 1171 180 1253 cepti.
219 1172 321 1233 Erunt
332 1170 459 1250 exempla
469 1173 498 1230 iu
509 1171 622 1231 historiis
631 1172 846 1236 innumerabilia

379 1256 833 1338 iuruauruot

96 1449 200 1603 ERi
237 1461 296 1508 erat
307 1442 452 1506 AEschinur
464 1369 572 1504 1ωωῖ
572 1369 769 1511 ἕξιῗιξεὶυῑεω.
791 1443 867 1514 sratri
881 1444 1056 1524 gratificatur,
1070 1442 1120 1524 qui

183 1527 258 1586 iiam
279 1525 401 1586 amabat.
440 1522 475 1582 id
497 1523 761 1601 postquamrescitit
786 1525 905 1595 Demea,
925 1525 1059 1605 aspero&
1081 1530 1121 1582 iu·

97 1605 247 1666 commodo
258 1606 369 1684 iugenio
381 1615 470 1680 pater,
491 1603 528 1660 de
548 1621 583 1660 eo
601 1617 715 1682 peccato
728 1621 791 1674 cum
806 1600 935 1672 Micione,
955 1605 998 1660 cui
1013 1601 1121 1660 AEschi·

97 1677 1122 1819 ”¹¹¹⁰³‘dtisttshwhitt‘ihsti‘²'issisti&

97 1779 455 1916 medandicum
476 1777 588 1927 crudum,
606 1838 716 1896 Demea
735 1855 770 1894 ne
784 1778 951 1914 Ctefiphdnii
975 1851 1119 1914 peccatum

99 1916 231 1978 resciscat.
269 1917 370 1996 Neque
377 1915 450 1973 eninr
464 1928 521 1974 tam
535 1913 590 1992 ipse
599 1915 657 1988 sihi,
668 1912 751 1995 qudm
765 1913 849 1974 srater
862 1933 932 1971 curae
942 1914 989 1972 esi.
1091 1947 1096 1967 .

139 1996 273 2055 Praeterea
285 1995 396 2054 amabat
409 1994 554 2069 ingenuam
565 1995 704 2072 quandam
715 1990 867 2062 AEschiuur,
887 1995 930 2050 cui
940 1990 1021 2050 idem
1034 1987 1119 2047 dede·
1203 2028 1207 2034 -

97 2088 155 2145 rat,
176 2092 288 2134 uxorem
300 2071 328 2132 se
339 2071 484 2129 ducturum
496 2069 559 2140 esse,
578 2092 639 2150 qure
652 2073 791 2150 postquam
803 2086 909 2149 raptam
927 2068 1031 2128 audivit
1051 2067 1122 2145 psat-

101 2152 193 2224 triem,
206 2151 323 2230 graviter
337 2149 496 2228 perturbata
507 2150 555 2218 cd,
567 2166 691 2210 metuent
703 2169 738 2208 ue
750 2147 928 2208 desereretur.
950 2147 1048 2213 Habet
1061 2147 1122 2206 hmc

101 2232 243 2307 ammira
253 2226 372 2299 comta,
391 2230 473 2306 mirae
486 2228 595 2286 technae
608 2227 684 2300 servi,
704 2227 801 2307 quibua
811 2227 914 2289 fallitur
928 2227 1048 2287 Demea.

136 2357 140 2364 .
181 2377 184 2380 ⁴
557 2303 680 2385 Epr'rafir.

141 2384 270 2448 Resciscit
284 2388 390 2445 Demea
407 2382 507 2442 vitium
528 2383 653 2445 oblatum
672 2384 726 2446 esse
740 2386 862 2465 ingenue
874 2379 910 2443 ab
925 2381 1066 2449 AEschiuo'.
1087 2400 1122 2440 ea

101 2484 168 2524 vero
186 2466 222 2525 de
240 2483 270 2525 re
283 2464 381 2523 miram
393 2460 555 2540 tragoediam
568 2466 680 2524 excitat.
720 2464 813 2542 Magio
832 2478 1029 2528 commoretur,
1050 2462 1122 2537 posi·
1195 2492 1199 2498 ·

102 2561 187 2619 quam
205 2540 384 2619 deprehendit
396 2538 553 2617 Cresphoni
565 2561 628 2601 cnm
641 2541 748 2601 Psaltria
759 2562 814 2600 rem
829 2542 890 2599 esse.
924 2536 1023 2597 Misere
1036 2540 1131 2598 etiam.

103 2624 211 2702 angitur
219 2620 370 2692 AEschinur,
389 2636 452 2677 eum
466 2622 494 2677 iu
506 2615 656 2680 discrimem
666 2621 751 2756 Emit,
765 2639 800 2679 ne
814 2637 898 2680 uxore
912 2616 1029 2677 excidat.

289 2714 293 2723 “
530 2701 601 2759 Cata
623 2722 652 2757 ro
686 2720 709 2756 e.

102 2829 114 2839 .
142 2779 195 2838 Hie
208 2779 297 2857 turbe
306 2794 401 2836 omues
419 2775 563 2855 prudentia
578 2702 820 2835 estmiusuetudine
842 2774 967 2835 Micionir
979 2770 1116 2832 sedantur.

103 2855 206 2916 Primae
227 2859 320 2935 itaque
339 2856 367 2917 iu
389 2854 441 2913 hac
462 2852 554 2915 fabula
567 2852 640 2914 senet
653 2854 765 2915 hubent.
801 2852 951 2912 *Consertur
973 2853 1122 2910 enimcum

103 2936 197 3012 aspero
209 2940 236 2995 dr
248 2934 404 2994 inclementi
424 2948 501 3010 patre
516 2933 631 2991 urbanus
642 2938 667 2991 dr
679 2934 764 2992 comis
777 2946 863 3007 pater.
903 2932 941 2990 Et
960 2931 1013 2988 huc
1026 2929 1119 2987 omnia

102 3012 232 3091 speciant,
254 3028 285 3072 ut
296 3026 427 3089 rppareat
445 3012 472 3069 in
493 3030 524 3071 re
541 3010 697 3081 domestica,
716 3010 835 3089 publica,
854 3010 1020 3067 commerciis
1035 3008 1125 3064 homi·

104 3110 181 3161 uum,
196 3091 298 3169 ubique
310 3090 412 3148 nullam
429 3088 482 3147 esse
503 3107 593 3167 neque
611 3089 758 3158 utiliorem,
778 3106 865 3165 neque
878 3086 1023 3165 gratiorem
1037 3085 1120 3141 uirtu-

103 3183 163 3227 tem
176 3170 315 3227 comitate.
358 3168 469 3226 Condat
481 3182 574 3227 autem
588 3168 645 3225 haec
658 3166 803 3233 comoedia.
824 3184 923 3242 magur
939 3182 975 3220 ex
989 3177 1064 3240 parre
1077 3180 1123 3220 ac·

103 3245 283 3305 cusationibna
298 3250 325 3305 dc
335 3243 563 3305 excusationibus:
582 3246 689 3305 crebrae
701 3245 786 3303 habet
798 3246 929 3322 querelae,
951 3238 1056 3319 &prud
1067 3256 1123 3296 tra-

104 3324 263 3463 ξίαῶάθη.
302 3327 394 3405 Quare
406 3324 538 3402 imprimit
550 3323 678 3384 conducit
693 3322 751 3399 ejus
763 3324 844 3385 tectio
857 3320 893 3380 ad
904 3317 1123 3396 locupletandam

133 3419 151 3462 c
207 3422 272 3463 ram.
904 3412 907 3420 “

407 3479 476 3538 IN
508 3482 540 3540 H
558 3481 583 3539 E
603 3483 628 3540 C
647 3477 676 3537 Y
689 3480 715 3537 R
736 3478 765 3535 A
784 3478 827 3539 M.

553 3574 680 3649 Prnraſsr.

213 3652 378 3714 oremduxit
386 3650 551 3730 Pamphilus,
560 3670 623 3709 cum
634 3647 772 3711 Bacchidis
781 3646 956 3707 meretricula
964 3666 1056 3707 amore
1068 3662 1127 3705 rau·
1154 3672 1155 3675 ¹

207 3747 300 3811 rupere
319 3749 466 3801 teneretur,
483 3745 513 3789 ut
525 3730 630 3787 duobus
647 3729 778 3787 meufibur
793 3745 906 3785 uxorem
928 3744 962 3783 ue
982 3728 1128 3802 attingeret

105 3808 229 3886 quidem.
261 3811 354 3869 Postea
367 3828 416 3887 per
427 3806 646 3868 consuetudinem
657 3807 760 3864 animur
771 3806 854 3863 victus
864 3806 916 3861 esi:
932 3806 1014 3879 coepit
1024 3806 1128 3879 placere

105 3904 186 3944 uxor.
207 3885 290 3945 Porrd
302 3887 429 3963 cumipse
443 3882 555 3963 peregre
568 3884 678 3953 abesset,
693 3883 738 3941 illa
748 3882 861 3940 domum
876 3880 945 3939 redit
956 3883 991 3937 ad
1002 3894 1129 3953 matrem,

104 3980 192 4041 atque
205 3964 243 4023 ibi
257 3968 329 4043 parit
344 3965 434 4023 mense
446 3965 560 4042 septimo
571 3960 848 4053 posquamuupsrsset
867 3960 1018 4093 ΡεωέξιίΙο.
1059 3958 1129 4049 Eam

105 4060 165 4099 rem
180 4042 253 4104 celat
264 4042 390 4103 &affluet
402 4046 428 4100 dr
439 4058 546 4119 patrem
559 4060 633 4100 auus.
664 4040 724 4099 Ubi
734 4038 890 4116 Pamphilus
900 4056 926 4095 rc
950 4052 982 4107 rt,
996 4050 1133 4113 comperit

103 4119 259 4205 perperisse.
290 4121 472 4201 Hicgraviter
484 4118 765 4189 adedremmon,
786 4132 848 4179 cum
862 4113 969 4205 aliunde
984 4113 1132 4253 coucenffise

1043 4212 1089 4256 exi
1119 4224 1131 4243 ·
