2892 4775
176 180 257 268 cxiv

529 167 1161 286 Paonaoomann

381 327 447 404 Pag.
467 345 511 385 tt.
531 327 614 384 Paulo
628 326 746 385 inferius·
780 327 871 384 Dave.
901 313 976 392 Heln,
996 322 1128 402 quidest?
1147 318 1250 381 ehodum
1263 324 1372 384 adme

342 410 406 485 quid
415 407 561 464 hicvolrr
590 410 726 482 quiricis?
748 407 912 480 quadere?
934 407 1040 482 rogas?
1270 461 1275 468 ,

382 484 486 551 Nemo,
508 482 614 541 videtur
638 501 721 550 cette,
754 501 852 559 negare
866 481 953 558 pollit,
985 481 1050 558 quin
1072 475 1118 538 hic
1140 472 1170 533 fit
1194 478 1317 538 Creticus
1342 481 1373 539 itt

342 578 441 639 quarta
455 563 576 638 regione,
597 582 659 620 nam
682 557 766 618 versus
795 561 829 616 est
851 559 1002 616 ollonarius
1018 553 1206 614 acatalesticus
1228 557 1372 618 iambicus.

345 639 399 700 Sed
412 638 473 696 vide
491 659 498 696 :
521 640 595 696 aiunt
611 639 639 696 D
652 637 716 696 elidi
729 659 735 694 :
759 639 850 714 itaque
861 635 1000 712 spondaeus
1013 655 1046 694 ex
1057 631 1170 690 Cretico
1183 631 1237 693 fiet.
1264 687 1269 708 ,

383 721 449 794 Pag.
467 717 513 776 26.
547 717 598 792 Nil
611 731 715 792 propter
737 715 803 773 hanc
821 737 887 784 rem,
901 719 953 784 sid
962 718 1005 789 est,
1026 711 1092 790 quod
1094 713 1223 787 succenset
1235 709 1295 774 ribi.
1335 715 1374 777 Et

344 815 434 857 mox:
456 797 588 873 Quidnam
603 799 664 868 est?
681 794 777 870 pua-ir
792 797 853 868 est?
877 797 992 871 quidest,
1007 796 1054 848 dcc.

383 874 417 932 In
430 891 546 949 utroque
566 873 691 950 exemplo
709 871 843 928 affirmant
863 872 989 929 miserum
1011 867 1076 928 illud
1097 869 1137 930 D.
1160 871 1248 929 exteri
1261 869 1372 943 debere,

343 951 464 1027 obquod
477 952 614 1016 meritum,
635 950 720 1008 nescio
737 971 744 1006 ι
975 983 978 990 ⁴

385 1031 509 1107 P.rg.41.
530 1031 831 1106 Vestrirrju'vr-stri?
854 1024 997 1105 Pamphili.
1039 1029 1113 1086 Hem.
1129 1029 1199 1105 qrrr'a’,
1211 1027 1372 1104 Pamphili?

385 1108 431 1166 Est
443 1109 609 1166 indubitatus
629 1107 757 1165 iambicus
770 1105 902 1164 senarius:
926 1109 1019 1184 itaque
1034 1103 1157 1165 Creticus
1175 1104 1318 1165 secundam
1332 1106 1373 1164 le·

229 1251 233 1261 ἳ
347 1185 411 1244 dem
427 1188 581 1263 occupabit,
601 1205 657 1260 quo
672 1202 698 1240 te
713 1205 819 1258 cunque
833 1187 953 1252 verteris,
976 1183 1021 1241 ntsr
1043 1186 1161 1262 priorem
1185 1186 1212 1242 in
1231 1183 1298 1260 crrjrr'
1311 1183 1374 1242 bre·

347 1285 411 1322 vem
425 1265 491 1322 olim
515 1264 588 1321 soille
608 1263 763 1329 contendrs,
786 1263 859 1338 quod
881 1283 915 1320 an
937 1261 994 1319 steri
1015 1261 1092 1338 possit
1114 1260 1220 1320 dubito.
1262 1261 1374 1322 Tamen

347 1348 372 1405 ἀ
394 1342 428 1399 ad
444 1345 496 1399 hoc
510 1341 680 1417 respondent,
699 1341 829 1418 syllabam
852 1340 926 1398 illam
947 1342 991 1417 ju'
1005 1343 1084 1418 plane
1098 1342 1204 1418 perire:
1227 1339 1299 1398 unde
1311 1329 1374 1418 ‘pro

348 1422 459 1482 Cretico
473 1421 583 1478 habebis
598 1419 749 1494 spondaeum
799 1479 810 1493 Ι

386 1500 451 1576 Pag.
464 1501 509 1575 58.
531 1501 580 1555 Sed
591 1521 647 1554 ecca
659 1502 723 1574 ipsi
739 1504 869 1572 egreditur
881 1500 961 1573 nostri
963 1495 1046 1570 fundi
1056 1495 1205 1557 calamitas.

384 1577 448 1654 Peg.
460 1597 506 1653 71.
530 1578 731 1648 Deda-carrrsed
741 1598 766 1633 ec
780 1599 834 1634 cum
847 1577 975 1637 militem:
996 1577 1031 1654 est
1044 1579 1107 1650 istuc
1118 1579 1216 1633 datum.

386 1655 481 1714 Nemo
492 1676 546 1713 non
560 1654 663 1730 dejeres
677 1655 729 1712 elle
742 1654 879 1712 Creticum
894 1656 920 1711 in
934 1654 997 1710 locis
1008 1655 1116 1722 notatis,
1131 1669 1160 1710 at
1170 1652 1247 1711 multi
1261 1665 1372 1731 negant.

347 1733 424 1797 Nam
439 1734 505 1795 olim
514 1731 656 1792 dicebatur
664 1756 741 1800 ecura,
755 1755 835 1801 ecam,
851 1733 977 1810 quianon
992 1730 1166 1808 geminabant
1176 1731 1292 1791 eandem
1305 1751 1374 1792 con-

347 1811 486 1872 sonantem
661 1863 668 1878 ,
840 1855 843 1860 -

388 1891 447 1967 Pag
475 1910 537 1965 ¹03·
558 1887 594 1945 lu
602 1903 655 1964 par
667 1878 729 1968 pari
741 1893 836 1966 rrsrrto
849 1895 915 1967 quod
923 1911 990 1946 e-am
1003 1891 1156 1948 remordere.

388 1968 434 2026 Est
450 1971 595 2044 planilsrrne
618 1966 750 2030 senarius..
775 1967 818 2024 leu
840 1971 970 2026 trimeter.
1009 1965 1198 2038 Quamobrem
1222 1969 1250 2026 in
1273 1966 1372 2046 quinta

348 2046 411 2104 sede
429 2051 480 2103 erit
493 2048 625 2103 Creticus.
666 2047 717 2104 Sed
738 2049 763 2104 lc
783 2048 830 2121 qni
853 2047 992 2104 Creticum
1016 2047 1080 2102 hinc
1103 2046 1240 2124 ablegant,
1262 2045 1327 2104 sciu’
1342 2060 1372 2105 ttr

348 2123 414 2202 quid
425 2125 535 2182 dicant?
556 2125 695 2183 dicuntilli
710 2146 750 2179 ver
759 2145 813 2183 tum
828 2125 879 2182 esse
892 2126 971 2182 aliter
983 2122 1162 2195 metiendum,
1177 2125 1233 2184 lle:
1258 2126 1296 2184 Yrr
1304 2139 1373 2204 par·

344 2207 528 2286 pari-'referre
542 2206 609 2278 quod
619 2225 773 2259 actm-remor
787 2207 824 2260 de.
834 2220 855 2260 t.
1337 2231 1339 2237 .

388 2283 424 2337 Et
436 2299 500 2338 sune
514 2285 566 2340 erit
585 2284 728 2359 anapestus
748 2283 776 2340 in
796 2299 891 2358 quarta
905 2280 1068 2341 dimensione
1082 2281 1179 2340 versus.
1221 2281 1257 2340 Id
1276 2293 1371 2340 autem

348 2378 443 2420 vetum
458 2359 509 2418 elle
529 2361 633 2438 potellr
659 2381 719 2417 nam
730 2360 807 2425 olim,
829 2383 893 2430 tum,
916 2382 979 2429 ram,
994 2363 1142 2436 eanſsram,
1156 2359 1228 2437 ficas,
1235 2363 1303 2437 stris,
1319 2362 1371 2419 dcc.

348 2438 533 2513 monosyllaba
547 2454 633 2503 erant.
656 2457 684 2495 ut
699 2459 733 2496 ex
754 2442 882 2497 Lucretio
899 2439 1022 2504 constan
1043 2460 1076 2497 ne
1097 2438 1132 2497 ad
1146 2444 1264 2499 Ennium
1279 2437 1372 2517 usque,

346 2522 372 2577 ὃι
385 2514 418 2571 ad
436 2518 542 2578 Livium
552 2516 736 2575 Andronicum
752 2516 931 2576 ascendamus.
973 2516 1063 2577 Sed&
1076 2516 1166 2577 falsam
1176 2519 1214 2577 ibi
1227 2518 1373 2577 leftlott'em

347 2596 411 2663 elle,
424 2595 493 2663 dixi,
512 2595 619 2671 opinor,
639 2599 665 2651 in
679 2595 800 2655 Notttlis.

366 2728 370 2739 ‚
385 2672 452 2751 Pag.
465 2697 509 2748 ςι.
523 2674 753 2752 Qodvolaprarrs
763 2672 1052 2753 erramproprr'aeſsrrrr:
1063 2699 1122 2733 nam
1134 2678 1170 2733 nri
1178 2675 1372 2734 immortalitati.

386 2752 431 2811 Et
445 2756 595 2809 odlonartus
609 2753 739 2810 iambicus
753 2754 957 2817 acataleclicusr
983 2753 1067 2813 debet
1085 2755 1166 2831 igitur
1180 2754 1233 2811 effe
1244 2754 1371 2813 Creticus

348 2831 427 2893 initio
440 2829 617 2887 dimentonis.
643 2836 679 2885 At
690 2847 784 2889 contra
794 2826 868 2887 aiunt
882 2830 1025 2893 secundam
1036 2833 1165 2909 syllabam
1176 2833 1203 2889 in
1213 2834 1372 2908 voluptates,

347 2910 401 2969 elle
415 2908 536 2977 brevem,
557 2908 632 2984 quod
645 2908 713 2965 mihi
727 2908 838 2985 quidem
852 2910 958 2969 videtur
970 2910 1138 2971 incredibile.
1180 2910 1282 2968 Melius
1297 2909 1372 2967 dicae

344 2991 463 3067 -primam
478 2987 616 3062 syllabam,
637 3006 698 3065 qua
721 2988 808 3044 brevis
822 2990 868 3052 etl,
889 2988 927 3045 ira
950 2988 1049 3065 raptim
1067 2990 1269 3067 pronuntiatam
1284 2987 1370 3057 fuiffe,

348 3082 380 3125 ut
393 3085 446 3124 noo
460 3065 614 3130 audireturr
637 3074 662 3121 δι
676 3084 726 3143 pro
749 3065 828 3133 volu,
845 3064 988 3136 diceretur,
1010 3068 1070 3137 vlu,
1093 3086 1140 3143 per
1161 3089 1185 3122 v
1210 3066 1368 3125 consonum.

347 3145 455 3203 Verum
470 3145 527 3201 bac
537 3143 597 3200 satis
611 3143 646 3200 de
662 3144 780 3201 Cretico.
802 3144 894 3211 Dices,
910 3144 976 3222 quid
990 3148 1038 3215 ais,
1053 3146 1162 3205 tandem
1179 3150 1190 3203 l
1214 3148 1256 3201 An
1271 3143 1372 3204 admit·

348 3222 424 3283 tendi
438 3220 495 3279 sunt
508 3223 599 3281 cretici
612 3223 639 3281 in
662 3222 795 3291 iambeos,
815 3223 843 3278 in
865 3224 1012 3281 trochaicos
1026 3226 1037 3281 l
1071 3222 1137 3281 Non
1150 3223 1285 3281 arbitror:
1308 3237 1371 3283 cum

339 3300 379 3363 in
390 3302 491 3358 cretico
503 3301 709 3378 pluatemporis
736 3299 858 3357 absumat
881 3301 1074 3376 pronuntiatio,
1095 3320 1176 3377 quam
1193 3304 1219 3356 in
1231 3300 1369 3379 spondaeo,

347 3381 391 3437 cui
405 3396 495 3435 tamen
509 3380 536 3435 in
550 3378 673 3435 rbmbicis
686 3378 796 3437 comicis
811 3382 834 3435 δι
849 3378 955 3457 tragicis
969 3378 1043 3437 locus
1067 3379 1114 3437 est.
1141 3378 1264 3447 'Atsunt
1277 3395 1370 3437 tamen

346 3458 439 3516 cretici
453 3459 481 3513 in'
494 3456 542 3513 ttts
556 3456 670 3513 verfibus
688 3456 805 3530 lupetius
829 3456 917 3533 postris
932 3460 948 3516 l'
974 3458 1073 3514 Fateor
1087 3456 1112 3513 id
1127 3456 1236 3535 quidem
1254 3478 1260 3514 :
1290 3454 1370 3519 ledii

345 3554 401 3597 uon
415 3534 604 3610 pronuntiandi
618 3552 648 3592 ut
660 3535 763 3592 cretici.
804 3532 879 3613 Qid
897 3536 955 3606 itai
972 3536 1044 3593 Haec
1061 3538 1155 3613 re'gula
1175 3550 1248 3592 certa
1262 3534 1314 3591 elle
1329 3536 1370 3591 vi-

346 3614 435 3681 detur,
455 3630 518 3669 cunt
531 3610 548 3669 ai
561 3627 657 3670 natura
670 3608 849 3687 proficiscatur
862 3632 868 3668 :
890 3612 1000 3689 Syllaba
1015 3612 1100 3671 brevis
1111 3616 1182 3669 inter
1194 3610 1259 3669 duas
1275 3612 1370 3689 longas

346 3690 792 3770 postravixpcrrenitadsenlum.
834 3690 866 3747 Id
880 3684 1012 3755 automni
1026 3690 1097 3761 esset,
1119 3693 1165 3768 qui
1182 3690 1290 3746 tandem
1304 3688 1376 3761 Vir·¹
1412 3723 1416 3733 ι

345 3770 424 3847 gilius
437 3768 561 3845 potuillet
574 3768 666 3825 dicere
674 3771 756 3843 aspris
769 3787 818 3843 pro
836 3770 939 3845 asperii,
956 3770 1047 3827 circlos
1060 3789 1108 3845 pro
1122 3768 1238 3836 circulor,
1259 3772 1308 3825 dcc.

384 3847 431 3906 De
446 3846 580 3922 tribrachy
596 3847 662 3905 nihil
676 3847 775 3903 necelle
791 3847 824 3903 ell
839 3848 948 3913 dicerer
970 3868 1031 3907 cum
1046 3848 1147 3926 pesille
1161 3862 1268 3924 tempus
1283 3841 1369 3905 iambi
1396 3891 1397 3895 ,

344 3924 470 3999 impleat,
490 3922 644 3981 &eundem
658 3941 764 3984 motum
780 3924 888 3985 habeat.
985 3990 987 3995 y
1305 3932 1307 3937 “

381 4002 642 4069 Proceleulmaticus.
660 4002 687 4060 id
700 4006 736 4059 est
748 4000 804 4059 duo
818 4002 975 4081 Pyrrhichii,
989 4001 1034 4063 sed
1049 4019 1165 4082 quatuor
1178 4002 1282 4071 breves,
1303 4020 1368 4065 cum

342 4077 456 4153 spatium
470 4080 586 4155 lpoudaei
600 4080 750 4149 consumat,
775 4082 818 4138 cui
836 4080 961 4159 spondaeo
971 4080 1015 4157 jus
1029 4084 1065 4140 est
1083 4081 1190 4140 sedendi
1204 4082 1229 4137 in
1242 4079 1366 4157 iambicis

341 4162 365 4215 ἃ
380 4158 530 4226 trochaicis,
551 4160 650 4215 mirum
664 4159 715 4216 elle
731 4178 783 4215 non
805 4156 898 4231 debet,
918 4158 935 4215 fi
950 4158 1021 4236 apud
1036 4160 1153 4219 comicos
1171 4159 1298 4237 frequens
1321 4178 1367 4216 re..

340 4237 460 4317 periatur
468 4259 478 4305 ς,
492 4253 555 4294 narn
570 4242 595 4293 δι
614 4237 643 4300 iu
662 4237 769 4319 tragicis
785 4236 978 4300 recentioribus
996 4240 1072 4301 illum
1086 4238 1222 4301 interdum
1235 4238 1364 4317 reperiar.

1328 4315 1364 4381 la
