2892 4775
548 266 1030 357 EPISTOL'A.

188 444 377 565 quidquid
396 448 555 529 summis
573 443 811 554 Principibus
825 439 996 523 conferre
1009 436 1161 521 fortuna
1176 454 1243 521 aut
1259 455 1383 523 natura

175 577 325 695 potest,
355 579 555 663 Natalium
575 578 766 689 splendor,
793 570 967 695 &longa
985 572 1142 681 Regum
1170 568 1259 652 serie
1277 572 1383 651 duda
1431 681 1432 692 Ν

190 718 335 825 generis
367 712 566 807 claritudo,
608 707 783 856 dignitati
816 681 946 785 sorma
983 700 1223 802 conveniens,
1265 701 1385 781 vivida

191 843 390 963 erectaque
421 843 602 939 indoles,
637 839 736 919 mira
772 837 914 947 ingenii
950 860 1184 944 morumque
1218 831 1382 931 felicitas,

192 978 322 1059 Virtus
352 976 501 1086 propria
530 998 649 1082 quam
681 995 865 1066 exerceas,
894 985 1048 1077 paterna
1074 992 1192 1074 quam
1214 964 1387 1061 imiteris,

190 1108 311 1216 majus
330 1126 460 1187 tamen
480 1104 622 1213 aliquid
650 1100 837 1181 institutio
862 1085 1037 1199 contullt,
1068 1099 1287 1209 sapientiam
1301 1138 1312 1195 3
1339 1099 1390 1177 ita

190 1257 299 1319 natus
316 1266 368 1335 es,
399 1254 442 1317 ut
461 1236 631 1317 Maximi
652 1237 778 1345 Reges
796 1231 927 1332 solent,
957 1233 1008 1314 its
1026 1234 1204 1313 educatus
1222 1250 1266 1313 ut
1278 1229 1389 1339 Opti·
1425 1276 1431 1287 ·

191 1370 261 1452 mi.
319 1372 460 1481 Ecqua·
486 1368 590 1449 enirn
619 1367 715 1465 'suit¹
732 1392 904 1477 unquam
928 1365 1117 1462 solicitior,
1147 1379 1210 1445 aut
1235 1364 1391 1447 sanctior
1433 1377 1434 1380 '

190 1500 232 1581 in
252 1502 365 1606 Aulis
387 1500 615 1611 disciplina?
655 1500 789 1579 Deum
818 1525 862 1577 ac
891 1496 1068 1577 Parentes
1086 1497 1222 1594 colere,
1252 1498 1391 1576 servare

192 1630 357 1712 modum
389 1628 429 1711 in
462 1631 585 1725 rebus,
615 1628 769 1709 blandas
801 1624 1037 1707 adulantium
1063 1624 1211 1709 fraudes
1228 1628 1389 1736 rejicere,

189 1762 355 1843 tribuere
374 1760 478 1841 suam
498 1762 635 1868 cuique
655 1758 823 1855 laudem,
853 1757 1017 1867 benigne
1047 1758 1211 1869 singulos
1234 1786 1278 1839 ac
1295 1759 1390 1839 libe-

191 1892 314 1972 taliter
332 1894 521 2000 excipere,
551 1890 638 1971 dare
658 1918 815 1999 operam
833 1889 964 1973 studiis
992 1890 1198 1988 literarum,
1219 1892 1259 1971 or
1278 1888 1391 1998 quid-

142 2002 145 2009 ’
190 2023 283 2128 quid
316 2022 369 2102 est
399 2022 586 2104 bonarum
616 2022 755 2103 artium
784 2024 915 2103 animo
945 2021 1165 2131 complesti,
1194 2022 1276 2103 haec
1307 2020 1392 2101 sunt
1435 2029 1436 2032 ‘

190 2150 377 2261 sapientiae
411 2155 570 2249 monita,
601 2138 683 2261 duae
702 2155 934 2236 &lubenter
963 2152 1152 2249 audis3'&
1177 2151 1308 2263 sponte
1333 2154 1392 2233 se·

190 2286 326 2394 queris,
384 2286 491 2367 Hinc
510 2311 581 2392 ego
601 2284 640 2361 in
659 2310 744 2363 eam
764 2284 869 2395 spem
888 2281 998 2366 facile
1017 2284 1199 2384 adducor,
1227 2281 1290 2366 Te
1315 2285 1395 2369 hoc

190 2416 470 2530 qualecumque
496 2415 540 2495 fit
574 2415 857 2514 munusculum,
886 2445 965 2499 non
994 2415 1066 2498 esl'e
1097 2419 1391 2529 despcstumm,

190 2548 330 2658 quippe
349 2579 419 2630 nec
438 2571 502 2634 tua
521 2553 559 2633 id
581 2553 672 2635 finet
689 2548 923 2646 humanitas,
954 2575 1038 2658 quae
1056 2551 1206 2646 summa
1225 2550 1291 2646 cst,
1321 2577 1396 2632 nee

176 2680 313 2758 'tuus'
303 2709 342 2760 1n
370 2707 450 2761 rem
484 2681 684 2777 literarium
703 2707 824 2782 amor,
854 2707 920 2788 qm
910 2665 1162 2789 quotidiano
1178 2680 1396 2763 studiorum

188 2807 257 2888 usu
295 2810 418 2907 alitur,
467 2813 507 2892 dc
545 2832 712 2922 augetur.
786 2811 954 2920 Accipe
970 2811 1395 2920 crgo,DnLPrr1nE

189 2939 493 3054 ‚Snnrmssrmm
536 2942 781 3024 venustiffimi
809 2940 936 3022 Poetae
963 2941 1242 3039 Comoedias,
1231 2971 1271 3022 rn
1303 2944 1397 3052 qui·

167 3045 260 3150 'bus
291 3073 330 3152 de
358 3073 487 3154 Latini
514 3074 695 3156 sermonis
722 3073 963 3182 elegantiam,
997 3076 1038 3155 dc
1067 3075 1195 3154 vivam
1219 3099 1396 3175 morum,

189 3200 382 3310 civilisque
413 3203 643 3314 sapientire
632 3205 854 3314 rmaginem,
891 3209 931 3286 de
960 3206 1132 3302 urbanos,
1167 3231 1246 3284 non
1279 3207 1398 3288 unius

188 3331 309 3412 modo
328 3335 493 3436 Comici,
527 3335 792 3417 sed'virorum
821 3337 936 3413 etiam
964 3336 1002 3416 in
1017 3331 1208 3416 Romand
1230 3338 1399 3447 Repub-

50 3561 55 3582 ὶ
188 3461 261 3544 liet
281 3462 517 3576 Principum,
551 3467 658 3548 Laelii
678 3463 1053 3576 rescipionis,joe0r
1069 3468 1248 3551 invdnias.
1307 3472 1399 3549 Ser-

189 3615 278 3675 vent
299 3597 360 3675 Te
382 3597 448 3677 diu
466 3599 542 3679 fata
562 3600 663 3710 Regi
681 3603 720 3681 δι
741 3601 879 3708 Regno
909 3599 1158 3698 ineolumem,
1188 3604 1228 3681 de
1256 3601 1401 3680 Ludo-

188 3751 275 3806 sico
292 3727 464 3840 Magno
462 3731 614 3812 Petenti
646 3749 712 3810 tuo
737 3759 867 3840 parem
889 3733 952 3811 Te
973 3732 1160 3847 praestent,
1189 3732 1277 3840 quia
1306 3758 1402 3814 ma
1434 3827 1437 3834 1

181 3856 308 4007 jorem
328 3889 404 3942 non
423 3859 590 3974 poliunt.
643 3861 742 3944 Haec
761 3865 844 3980 sunt
865 3884 962 3961 vota,

482 4073 760 4154 Detentus
802 4077 1168 4170 Sentmsstmn,

574 4232 808 4350 Drfvotiffimi
827 4239 870 4319 Εἰ
889 4237 1083 4322 humillimi
1103 4236 1217 4319 Serui
1232 4235 1293 4320 tui
1372 4271 1379 4278 ·

628 4491 987 4614 Fnunenrer
1032 4498 1393 4614 LEoNARD.
