2892 4775
205 5 256 15 Ἴ·-

312 77 866 187 uERuNTIANA.

61 213 137 288 laua,
157 213 294 273 obscoena
304 212 436 290 persono,
449 226 481 272 ut
494 216 616 272 Marcus.
649 207 787 270 Dramara
799 227 891 270 autem
906 213 1032 274 dicuntur
1046 217 1102 274 troi

66 297 131 371 giu
143 312 192 353 aut
205 294 312 351 comica
329 317 407 373 trega
419 318 449 352 r·
460 292 524 373 igi»,
536 291 564 348 id
578 291 625 362 es,
636 311 724 369 agere.
767 292 876 349 Latine
896 293 995 352 sabula·
1008 297 1101 371 appel·

68 380 173 440 santur,
190 371 409 430 sivefaslubulae.
443 370 477 427 Iu
494 372 595 429 Latinis
610 374 683 428 enim
699 370 798 426 sabulis
823 369 900 445 plura
918 373 977 429 sunt
997 375 1102 430 cantica

67 469 133 528 quae
145 464 288 509 canuntur.
314 449 367 507 Vei
382 446 399 505 d
416 442 561 513 'faciendor
582 450 686 506 uam&
706 449 751 526 agi
764 447 866 516 sabula,
889 467 942 504 non
958 451 1051 507 referri
1066 453 1103 508 ab

68 530 209 588 asturibus
224 528 334 586 dicitur.
368 528 467 604 Itaque
481 527 613 585 Horatius
627 543 741 604 utraque
755 523 948 602 significatione
972 531 1103 605 interpre·

69 623 156 678 tatur,
168 626 254 684 quum
267 608 307 664 ita
315 605 352 661 de
364 604 458 662 sabula
470 606 538 662 dicit
550 626 558 662 ε
581 609 637 662 Aut
648 611 786 680 agiturraer
797 607 918 676 insternit,
929 619 978 661 atet
990 615 1050 663 otio
1060 629 1102 665 rc-

60 689 170 761 [στιν.
191 683 353 743 Dramatica
362 680 428 740 vero
439 701 491 741 tres
500 683 619 762 personae
630 682 692 739 soiae
704 697 789 760 agunt
830 681 954 756 Ideoque
971 686 1102 742 Horatius

69 765 130 821 ait:
153 763 196 822 Ne
207 777 308 842 quarta
319 764 390 838 loqui
398 765 506 837 persono
516 760 619 819 laborer
631 783 640 825 t
653 762 717 839 quia
731 775 828 836 quarta
841 759 945 836 semper
955 779 1040 820 muta.
1062 767 1103 820 At

69 841 169 899 Latius
191 838 333 918 scriptores
352 843 505 918 complures
529 839 654 917 personas
677 842 703 896 in
721 838 826 896 fabulae
852 837 1038 907 introduxere,
1069 857 1100 898 ut

67 919 245 997 specialiores
256 915 408 996 frequentis
422 918 552 976 facerent.
592 918 715 992 satyrica
729 917 765 974 es
779 917 850 993 apud
870 915 982 972 Graecos
997 917 1099 987 sabula,

70 999 101 1054 iu
125 1016 182 1074 qua
195 999 263 1055 item
283 997 377 1073 tragici
391 999 490 1074 poiitae,
511 1016 565 1054 nou
579 1016 654 1072 reges
676 1010 723 1052 aut
738 995 842 1062 heroes,
864 993 906 1050 sed
928 997 1038 1068 Satyros
1059 998 1101 1052 iu-

69 1075 220 1143 duxeruut,
240 1075 353 1136 ludendi
376 1073 455 1132 causa
472 1072 659 1151 jocandique:
681 1073 756 1130 simul
773 1089 812 1136 ut,
823 1073 956 1148 spesiaror
974 1077 1103 1130 interret

71 1155 192 1230 tragicae
210 1148 352 1230 seriusque,
372 1154 533 1229 Satyrorum
554 1171 665 1230 quoque
673 1151 743 1227 jocis
758 1158 783 1209 dc
802 1151 899 1210 lusibus
914 1150 1103 1222 delectaretur,

71 1248 105 1290 ut
119 1238 144 1289 ἅ
158 1233 293 1290 Horatius¹
306 1231 387 1290 sentit
402 1234 443 1290 bia
454 1232 570 1288 versibus
585 1251 593 1288 ε
959 1267 960 1270 =

155 1308 278 1368 Carmine
289 1315 334 1387 qai
342 1316 446 1388 tragico
459 1309 541 1366 vilem
554 1315 674 1368 certavit
686 1307 716 1368 ob
728 1309 839 1368 bircam.

157 1389 228 1447 Mox
239 1395 319 1448 etiam
332 1393 441 1466 agrestes
454 1389 559 1462 Satyros
571 1391 695 1457 nudavit,
714 1385 750 1446 ὅ
762 1390 836 1461 asper
859 1434 863 1460 q

154 1467 281 1525 Incolumi
290 1472 436 1543 gravitate
442 1469 532 1543 jocum
545 1467 673 1536 tentavit,
693 1488 720 1523 eo
734 1466 801 1543 qoud

156 1545 289 1604 Illecebrir
299 1559 379 1603 eos:
400 1544 436 1605 δ’
445 1558 532 1622 grata
544 1550 666 1604 novitate
678 1549 817 1602 morandus

155 1627 398 1701 Speuaeor.--
736 1637 740 1648 “
1098 1661 1101 1668 ·

114 1704 219 1762 Mimos
233 1703 270 1759 eu
280 1702 405 1760 sermonis
411 1701 550 1777 cujuslibet
564 1716 653 1761 motus
662 1701 717 1759 sire
730 1699 892 1770 reverentia,
907 1700 950 1758 vel
965 1701 1099 1758 sotiorum

73 1798 141 1840 cum
154 1781 263 1840 iascivia
275 1781 404 1840 imitatio.
426 1783 528 1838 Mimo
539 1781 635 1851 dietus,
650 1779 722 1859 quast
738 1779 805 1837 solur
819 1781 942 1838 imitetur
955 1801 963 1844 ς
983 1785 1104 1854 &quum

75 1861 132 1918 alia
146 1863 275 1938 puimata
298 1857 371 1916 idem
384 1859 496 1929 saciant,
518 1858 585 1917 solut
604 1875 694 1916 tamen
715 1859 787 1936 quasi
810 1858 953 1934 privilegio
973 1857 1104 1934 quodam,

76 1940 154 2014 quod
169 1937 221 1995 suit
232 1957 389 2008 commune,
410 1938 532 2014 possedit.
577 1937 709 1998 Similiter
721 1953 804 2012 atque
817 1939 836 1994 is
849 1939 897 2012 qui
912 1935 1015 1992 uersum
1025 1935 1101 2004 facit,

75 2017 167 2075 effluo
178 2012 293 2085 unierit,
304 2036 391 2093 quum
404 2032 494 2074 tamen
509 2015 632 2086 artifices,
643 2018 690 2096 qui
702 2015 780 2090 teque
791 2015 857 2091 quid
868 2015 981 2080 faciunt,
995 2034 1047 2070 non
1059 2014 1102 2078 di-

77 2110 178 2152 cautur
189 2097 287 2171 poetae.
304 2096 432 2152 Membra
443 2089 637 2153 comoediarum
649 2096 700 2152 tria
712 2093 781 2160 suut,
795 2093 947 2150 diverbium
959 2093 1104 2160 canticum,

77 2175 189 2230 chorus.
224 2172 354 2230 Membra
367 2172 509 2230 comoediae
530 2175 633 2230 diversa
647 2175 724 2231 sunt:
748 2171 860 2230 definito
875 2189 965 2228 tamen
990 2189 1104 2226 numero

77 2253 246 2313 continetur,
260 2248 277 2308 ai
289 2253 408 2328 quinque
422 2251 503 2328 usque
517 2251 551 2308 ad
562 2250 668 2309 decem.
686 2250 816 2308 Diverbia
829 2249 889 2308 sunt
902 2262 989 2325 partes
1003 2265 1107 2306 comoe·

76 2329 199 2399 dmmtu,
221 2330 249 2385 in
263 2330 361 2406 quibua
373 2331 538 2388 diversorum
559 2331 677 2406 personae
694 2329 840 2386 versantur.
879 2325 1000 2385 Persona
1013 2344 1107 2384 autem

77 2408 279 2479 diuerbioruru‚
300 2424 349 2467 aut
366 2408 427 2466 duae
446 2424 493 2466 aut
504 2426 566 2477 tres,
587 2407 647 2466 raro
662 2425 753 2466 autem
776 2404 969 2484 quatuor'esse
992 2405 1104 2476 debeor,

77 2485 154 2545 uitri
165 2504 265 2564 augere
275 2504 419 2544 numerum
433 2504 486 2544 non
500 2486 572 2545 iicet.
606 2487 638 2545 In
648 2487 757 2554 canticis
770 2504 862 2543 autem
874 2504 927 2542 una
938 2484 1043 2543 tantum
1056 2482 1106 2539 dc·

76 2567 129 2623 bet
142 2564 196 2623 esse
210 2564 322 2640 persona
335 2588 344 2630 a
364 2582 411 2622 aut
422 2564 439 2620 si
452 2564 513 2622 duae
523 2566 629 2636 suerint,
651 2566 689 2624 ita
702 2563 806 2622 debent
817 2564 880 2632 eise,
905 2578 935 2620 ut
947 2580 983 2620 ex
996 2560 1106 2621 occulto
1200 2602 1203 2609 .

76 2664 137 2701 uua
149 2641 245 2700 audiat
259 2644 451 2720 necloquatur,
464 2641 509 2700 sed
520 2645 608 2701 secum
620 2643 649 2717 (fi
663 2662 731 2720 opus
741 2642 832 2714 suerit)
844 2640 925 2697 verba
939 2638 1030 2699 saciat.
1072 2637 1106 2695 In

78 2723 174 2779 choris
187 2716 251 2777 verd
266 2741 391 2781 uumerus
405 2719 577 2797 personarum
591 2722 714 2781 definitus
726 2739 778 2778 non
796 2723 830 2777 esi
845 2741 853 2784 r
878 2721 978 2796 quippe
989 2718 1118 2793 junctim

79 2799 267 2874 omueaioqui
280 2800 392 2870 debent,
413 2798 486 2876 quasi
505 2810 584 2880 uoqq
601 2800 719 2867 confusa,
742 2804 946 2855 &concentum
970 2797 997 2853 in
1023 2810 1105 2852 unam

80 2876 225 2953 personam
240 2878 425 2937 reformantes.
466 2874 657 2936 Latuit-vero
678 2873 820 2935 comoediae
841 2878 953 2933 chorum
977 2892 1031 2931 nou
1058 2874 1108 2929 ha-

80 2958 163 3020 beut.
183 2955 232 3014 sed‘
241 2953 347 3014 duobus
361 2958 466 3017 tantiam
493 2957 621 3014 membris
643 2957 773 3029 constant,
801 2954 924 3012 diverbia
949 2951 1104 3009 &cantico¹

80 3033 182 3092 anu
196 3051 288 3091 autem
309 3038 477 3111 temporibus
499 3041 541 3109 (ut
563 3034 652 3092 asserit
665 3032 852 3109 Tranquillus)
877 3032 969 3088 omnia
992 3049 1053 3106 quae
1079 3030 1107 3095 iu

79 3112 164 3169 scena
178 3112 324 3183 versantur,
346 3107 372 3170 in
386 3111 522 3177 cumoedia
544 3115 704 3191 agebantur.
747 3112 862 3172 Nam&
887 3110 1070 3167 Pantomimue
1083 3109 1108 3161 st

81 3191 237 3247 Chotauies
260 3192 436 3251 incumoedia
461 3190 603 3252 canebant.
645 3191 750 3248 Verum
775 3192 876 3246 autores
902 3186 1108 3252 comoediarum,
1143 3234 1148 3247 ,

81 3284 135 3343 pro
156 3266 288 3326 facultate
310 3274 335 3325 δι
357 3288 415 3327 arte
442 3272 569 3349 potiores,
591 3270 768 3346 principatum
782 3267 829 3323 fibi
847 3265 960 3323 artificio
981 3262 1109 3319 vendica·

80 3348 163 3403 bant.
205 3349 249 3404 Sic
263 3344 363 3404 fastum
376 3350 423 3419 est,
437 3366 466 3406 ut
479 3348 631 3407 uolentibus
644 3346 743 3403 cedere
757 3345 846 3403 mimia
860 3364 922 3401 curu
937 3340 1049 3400 artificio
1063 3338 1109 3397 suo

80 3424 202 3490 cereris,
223 3424 353 3500 separatio
365 3425 444 3485 sier‘et
465 3425 638 3501 reliquorum.
674 3426 748 3482 Nam
762 3424 827 3480 dum
839 3426 957 3500 potiores
976 3418 1110 3477 inferiori·

81 3503 145 3572 bus,
167 3500 215 3577 qui
238 3504 264 3559 in
284 3506 359 3561 omni
374 3506 526 3583 maginario
544 3519 631 3571 erant,
654 3502 753 3559 servire
766 3502 994 3579 dedignabantur.
1015 3494 1111 3574 seipsos
1180 3506 1182 3514 '

82 3580 101 3638 ai
124 3580 267 3637 comoediis
283 3578 494 3656 separaverunt;
527 3580 727 3637 acacianum
751 3578 798 3649 est,
830 3597 859 3637 ut
881 3577 1006 3654 exemplo
1029 3573 1112 3633 semel

2 3656 10 3718 '.
82 3660 205 3733 sumpto,
221 3656 398 3735 unusquisque
411 3664 473 3718 artis
487 3661 538 3717 suae
551 3679 606 3716 rem
621 3660 722 3736 exequi
733 3660 853 3736 coeperit,
865 3676 953 3732 neque
970 3660 994 3711 in
1009 3670 1111 3709 comoe·

82 3736 162 3793 diam
175 3738 277 3794 venire.
320 3739 404 3811 Cujus
418 3742 454 3797 rei
470 3738 574 3804 iudicia¹
591 3736 707 3814 produnt
732 3739 808 3794 nobis
822 3737 939 3810 antiquae
960 3730 1112 3798 comoedia,

83 3818 112 3871 iu
125 3815 227 3890 quibus
240 3818 401 3885 invenimur,
423 3820 493 3875 Asia
512 3816 584 3876 tibiis
602 3814 716 3891 poribus,
737 3829 786 3871 aut
807 3812 957 3889 irrrporidur,
984 3824 1032 3865 out
1053 3807 1114 3867 Ser·

83 3896 170 3949 roris:
210 3894 331 3963 Quando
350 3896 422 3952 enim
443 3898 540 3953 chorus
551 3895 678 3961 canebat,
698 3892 908 3959 choricistibris,
939 3888 965 3943 id
982 3890 1027 3954 esi,
1048 3886 1114 3943 chti-

86 3970 207 4038 musicis,
234 3972 335 4028 artisex
356 3974 526 4031 concinebat.
569 3976 599 4030 lu
612 3973 723 4029 canticis
743 3988 835 4025 autem
848 3967 990 4044 pyrauiicis
1009 3966 1118 4039 respon·

86 4048 181 4105 sabat.
224 4048 279 4105 Sed
293 4050 366 4126 quod
382 4054 488 4126 paribus
507 4051 580 4107 tibiis
593 4050 637 4106 ves
652 4049 798 4125 imparibus
818 4046 966 4103 invenimus
979 4043 1119 4116 scriptum,

89 4128 145 4182 boc
158 4124 302 4203 fignificat,
321 4126 395 4203 quod
416 4130 548 4206 siquando
570 4129 703 4185 monodio
726 4126 836 4201 agebat,
865 4142 945 4179 unam
971 4123 1064 4177 tibiam
1081 4122 1123 4178 iu-

90 4202 180 4270 flabat
195 4228 204 4261 2
226 4206 245 4261 si
258 4205 369 4283 quaudo
381 4206 504 4277 synodio,
518 4225 673 4340 utraqque.
695 4206 723 4263 H
727 4222 765 4261 aec
779 4202 936 4263 adverbum
951 4196 1122 4333 Diomlevqles:

1070 4300 1125 4335 ms·

1203 92 1271 188 cvii
