2892 4775
123 129 224 212 mavi

459 117 1180 215 rnonncotrnnn¹

285 248 396 331 reliquis
411 248 527 309 conserri
540 247 627 326 pollit,
648 260 679 304 ut
692 245 826 322 postremo
847 245 919 314 loco,
939 251 965 304 δι
984 243 1042 324 poll
1063 241 1105 308 ris
1118 239 1230 315 irrisores,
1259 263 1311 324 pu·

286 344 376 391 natur.
409 330 504 404 Quare
517 345 552 383 ex
561 323 695 384 sententia
708 323 850 394 Varronis,
870 324 919 399 qui
931 319 977 381 bic
991 321 1163 380 Aristotelem
1177 323 1313 398 exprelht,

288 409 390 486 primus
402 407 438 464 esi
452 404 585 473 Caecssiue,
609 398 738 459 secundus
751 401 787 458 est
800 401 965 460 Terentius:
988 417 1057 476 quos
1079 397 1180 457 deinde
1201 401 1314 460 Plautus

286 486 416 564 sequitur.
486 480 539 538 uod
554 479 674 538 debebat
692 477 821 556 cogitasse
835 479 910 536 Siren
930 479 980 536 aevi
994 477 1073 535 nollri
1086 477 1173 553 Julius
1186 479 1288 555 Lipsrus
1303 499 1311 535 :

195 601 200 611 ·
287 565 336 642 qui
355 559 477 639 prolecto
497 575 577 617 ocurn
591 555 687 616 summi
699 555 888 616 Romanorum
902 556 987 614 critici
1002 573 1056 613 non
1071 557 1235 632 penetravit.
1275 555 1314 618 Tl

286 641 354 708 iim
364 650 455 699 autem
469 637 565 695 Plauto
576 634 707 694 Horatius
721 633 869 710 abjudicat,
890 634 1059 714 cuminquit,
1115 639 1119 646 '

299 720 302 743 ⁵
365 713 658 792 ——easpicePleutue

300 805 305 812 ’
368 795 428 871 Qu
437 801 513 870 patio
523 805 610 869 partes
621 800 721 850 tutetur
734 793 847 848 amantis
859 788 953 866 ephebi.

329 873 367 932 Et
380 871 486 929 videtur
500 870 649 929 Charinum
660 869 779 926 babuisse
790 869 817 926 in
830 871 922 926 animo
936 883 948 925 :·
964 867 1012 946 qui
1028 863 1195 940 Mercatore,
1215 869 1244 930 ri
1261 896 1315 944 μα-

289 948 346 1015 ritis
373 949 537 1032 *adsperserit
557 947 699 1008 confundit
720 945 795 1011 sidem.
835 946 955 1015 Hocest,
975 947 1109 1016 itaamat,
1130 961 1160 1004 ut
1174 947 1317 1004 Menaech·

290 980 439 1092 mursurit.
479 1027 577 1084 Furere
597 1041 690 1083 autem
716 1045 772 1102 prae
798 1029 902 1096 amore,
929 1023 1071 1082 comoediae
1095 1042 1150 1082 non
1171 1023 1250 1095 idme.
1270 1023 1315 1080 sed

290 1105 430 1184 tragoediae
443 1105 478 1162 esl
497 1103 601 1164 odias·
620 1117 652 1162 ut
668 1121 703 1160 ex
720 1101 834 1160 Phaedra
846 1099 958 1178 aliisque
981 1116 1067 1179 patet.
1101 1101 1230 1180 Quare?
1249 1103 1317 1180 quia

289 1187 384 1248 ,dim
409 1182 520 1259 aliquod
545 1183 666 1238 immane
687 1183 856 1256 expediatur,
884 1177 959 1256 quod
984 1178 1146 1257 tragoediatn
1167 1179 1317 1251 bonssituir,

290 1281 322 1323 ut
334 1259 473 1340 peresam<
484 1260 628 1318 conveniat
640 1257 750 1316 furenti.
786 1241 840 1316 s'ed
854 1256 911 1316 haec
927 1257 1043 1316 trivialea
1065 1277 1119 1316 non
1134 1258 1289 1336 intelligunt
1306 1281 1314 1318 :

290 1345 340 1418 qui
356 1340 490 1398 summum
509 1339 597 1395 virum
611 1335 782 1394 Aristotelem
801 1353 856 1394 tam
869 1335 946 1393 facile
959 1351 1147 1405 contemnunt,
1168 1353 1254 1414 quarn
1268 1356 1318 1396 nus

292 1417 436 1493 &judicia
459 1415 602 1473 illorum&
625 1413 762 1490 magistron
786 1409 883 1473 merim
906 1413 1121 1484 contemnimur,
1136 1416 1235 1490 quibus
1255 1435 1318 1492 per·

291 1496 394 1556 suasum
415 1495 462 1562 eil,
486 1510 597 1550 omnem
618 1511 712 1548 veram
732 1493 913 1550 eruditionem
936 1511 970 1548 ex
983 1493 1037 1548 hoc
1050 1511 1105 1550 uno
1126 1490 1203 1550 sonte
1225 1493 1317 1568 limpi·
1389 1508 1394 1517 ·

291 1573 396 1631 diffimo
416 1569 574 1649 petendam.
615 1571 852 1643 Charinnaautetn
866 1570 965 1638 Plauti,
987 1569 1022 1626 ad
1037 1569 1214 1647 frigiditatem
1231 1573 1315 1646 usque

292 1653 374 1723 calet,
394 1669 478 1727 quam
498 1667 553 1709 nou
574 1648 664 1724 potuit
688 1648 784 1707 vitare.
825 1647 925 1728 Qualia
944 1647 1005 1706 suut
1025 1647 1082 1718 isla,
1112 1647 1317 1708 ScenaDivms
1406 1693 1410 1698 -

292 1730 525 1809 atquebeeninrmr:
1065 1727 1070 1744 ¹
1181 1735 1186 1752 ⁸

300 1818 304 1825 '
370 1807 553 1884 —jam
566 1807 677 1881 Cyprum
690 1808 763 1876 veni,
783 1805 832 1864 stc.

330 1885 415 1955 Itern,
599 1903 604 1910 ·
702 1904 721 1924 -’

371 1965 456 2022 Porro
466 1963 611 2038 preficister
623 1961 777 2037 quaefitrem:
799 1983 863 2019 nunc
872 1965 982 2039 perveni
992 1959 1149 2038 Chalcidem.

367 2041 448 2118 Video
460 2041 498 2100 ibi
509 2041 626 2116 hospitem
639 2037 768 2114 Zacyntho
781 2060 790 2096 .·
811 2043 865 2098 dien
875 2043 938 2117 qnid
946 2062 972 2096 eo
987 2043 1157 2098 advenerim:

370 2118 463 2196 Rogita
475 2122 529 2197 quis
540 2138 596 2174 eam
610 2120 728 2186 vexerit,
750 2123 805 2192 quis
817 2116 923 2187 babeat,
934 2117 964 2194 st
976 2122 1150 2178 inaudiverit.

228 2215 236 2222 '
302 2197 309 2204 ’
372 2199 466 2273 Hospes
480 2198 612 2272 respondit,
635 2193 909 2272 Zacynthefitresfieri
919 2218 967 2253 nors
983 2196 1076 2254 malas.

334 2274 423 2334 Vides
438 2274 578 2331 bominem
589 2288 645 2330 tam
659 2272 769 2342 tristem,
784 2289 814 2331 ut
826 2273 933 2331 festivus
947 2274 998 2332 elle
1009 2287 1122 2350 quaerat.
1157 2273 1196 2332 Ar
1210 2269 1318 2334 divinus

295 2355 348 2413 hac
361 2352 388 2410 in
401 2366 488 2428 parte,
510 2351 578 2410 duos
593 2365 726 2410 amatores
746 2351 774 2409 in
786 2351 929 2420 Eunucho,
952 2351 1000 2421 suo
1014 2371 1100 2421 more,
1128 2352 1317 2413 Phaedriam&

286 2433 450 2499 Chaream,
470 2430 599 2487 divinitus
612 2445 765 2507 utrumque,
782 2430 894 2490 ibsnsrri.
929 2426 1022 2507 Qare
1034 2450 1096 2488 cum
1109 2434 1199 2509 poe'tae
1211 2446 1316 2502 onmes,

317 2527 410 2569 uorum
430 2508 581 2565 imitatione
608 2510 709 2565 constat
733 2508 880 2567 institutum
901 2526 934 2565 ac
955 2508 1101 2580 confilium,
1130 2511 1261 2586 pillorum
1275 2512 1317 2569 in·

294 2532 357 2659 dar,
373 2586 436 2645 teste
447 2587 611 2645 Criticorum
626 2605 690 2663 tege
707 2604 740 2643 ac
760 2586 890 2665 principe,
912 2602 960 2644 aut
979 2586 1086 2653 ssmiles,
1102 2604 1148 2644 aut
1163 2587 1247 2664 (quod
1262 2608 1317 2647 non

296 2684 358 2725 raro
370 2663 471 2734 evenit,
488 2664 536 2722 «rel
554 2664 680 2740 imperite
692 2669 716 2745 eg
728 2665 754 2735 ἔξ
764 2662 899 2734 miseriae,
919 2664 964 2721 vel
987 2664 1115 2741 captandi
1141 2666 1204 2723 risus
1227 2667 1315 2736 caula)

295 2762 368 2802 nunc
381 2741 485 2821 pejores
498 2761 582 2819 quam
595 2740 664 2812 sunt,
688 2741 848 2818 exprimant,
868 2760 938 2801 nunc
954 2742 1086 2811 meliores,
1108 2743 1194 2801 servos
1209 2742 1316 2822 pejores

295 2820 415 2891 Plautus,
437 2834 466 2877 ut
488 2822 643 2897 plurimum,
664 2820 810 2877 Terentius
832 2820 880 2881 bos
900 2820 1005 2899 semper
1029 2820 1134 2890 similes,
1155 2840 1210 2878 non
1238 2822 1318 2879 meli·

296 2918 378 2963 orest
399 2900 549 2956 meretrices
575 2917 640 2956 vero
656 2898 755 2973 partim
779 2897 884 2969 ssmiles,
905 2900 1005 2979 partim
1025 2900 1149 2959 meliores
1170 2900 1318 2977 aliquando

296 2976 454 3037 introducit.
487 2976 601 3046 Similes,
615 2991 646 3035 ut
656 2975 794 3034 Thaidem
808 2979 824 3033 ε’
836 2978 970 3047 meliores,
991 2994 1020 3035 ut
1032 2978 1203 3038 Bacchidem.
1238 2980 1318 3036 Para·

231 3086 238 3104 ι
297 3055 359 3114 sitos
380 3055 434 3112 sem
456 3073 485 3113 er
503 3054 650 3113 deteriores
670 3056 694 3111 se
715 3054 868 3113 veraciores
887 3056 1003 3125 Plautus,
1019 3076 1155 3133 nunquam
1170 3046 1316 3116 meliores:

297 3138 363 3192 utar
376 3132 422 3191 Do
444 3150 536 3203 eunus,
561 3136 609 3211 qui
632 3134 681 3191 hos
704 3130 772 3190 solos
792 3135 987 3209 propemodum
1010 3136 1131 3203 curabat,
1152 3136 1179 3193 in
1201 3134 1318 3210 personis

295 3210 404 3286 reliquis
418 3214 537 3272 laeserim.
563 3211 690 3268 Phormio
712 3210 893 3269 Terentianus
919 3212 997 3289 plane
1014 3212 1049 3268 etl
1071 3211 1267 3273 admirandus:
1290 3230 1319 3272 ut

297 3295 323 3348 ἃ
338 3290 462 3348 Gnatho.
503 3289 617 3348 Plautini
642 3289 707 3366 quia
733 3286 813 3345 risum
835 3292 979 3366 quaerunt,'
994 3290 1175 3347 veritatem&
1198 3290 1320 3349 sermone

299 3374 324 3426 δι
339 3366 475 3426 sententiis
488 3369 626 3425 amittunt.
661 3367 732 3423 Tres
746 3368 858 3425 virtutes
883 3367 956 3424 enim
971 3366 1066 3435 sermo,
1087 3386 1170 3445 quern
1187 3388 1241 3427 non
1264 3368 1319 3426 stne

297 3443 376 3504 causa
394 3441 476 3508 sisela
497 3446 621 3502 dixerunt
645 3443 817 3514 Graecinus
843 3444 983 3503 Moratum
1007 3446 1131 3517 dicimus,
1163 3448 1319 3522 aequitatem

298 3542 411 3599 nempe,
441 3524 583 3581 ueritatem
609 3521 859 3598 &implicitatem
892 3524 1020 3600 postulat:
1052 3542 1111 3601 quet
1132 3527 1161 3584 el
1185 3523 1321 3595 trilibrem,

300 3603 356 3661 boc
368 3602 415 3672 etl,
435 3601 463 3658 id
476 3600 549 3678 quod
573 3601 714 3677 unicuique
729 3602 764 3657 est
777 3600 891 3669 initum,
912 3602 949 3659 ob
963 3603 1054 3659 oculos
1076 3604 1203 3679 proponit
1219 3622 1225 3658 :
1256 3620 1320 3661 cum

300 3680 456 3749 ridiculum,
477 3695 507 3736 ut
519 3679 678 3748 violentum,
700 3680 764 3754 quia
778 3677 794 3735 d
807 3694 903 3737 natura
917 3680 1044 3749 alienum,
1059 3680 1138 3758 quod
1153 3681 1225 3738 reete
1237 3678 1273 3737 de
1286 3700 1321 3739 eo

299 3750 455 3819 'Aristoteles
468 3760 634 3835 pronuntiat,
661 3772 815 3833 corruptum
836 3758 876 3827 stt,
898 3756 954 3816 &ai
976 3759 1107 3836 corruptis
1132 3758 1224 3828 causta,
1245 3758 1322 3835 quod

293 3836 353 3911 jam
374 3836 441 3906 dixi,
475 3826 624 3893 moriatur.
663 3834 806 3893 Moratum
833 3839 898 3914 quia
920 3837 1005 3894 simile
1023 3839 1059 3894 est
1082 3854 1193 3905 naturae,
1222 3836 1322 3895 leniter
1386 3836 1387 3841 '

295 3916 429 3972 delectat:
450 3914 524 3990 quod
538 3931 647 3971 :etatum
668 3912 840 3990 singularum,
861 3916 1013 3984 hominum,
1043 3932 1075 3973 ac
1098 3916 1259 3983 nationum,
1276 3930 1321 3972 to*

295 3992 400 4068 tiusque
412 3992 486 4059 uitas,
505 3992 673 4049 simulacrum
693 3990 833 4068 quoddam
848 4010 880 4051 ac
902 3993 1060 4069 imaginent,
1081 3992 1108 4049 in
1132 3990 1209 4050 scena
1222 4012 1320 4067 reprae-

295 4072 392 4128 sentat.
423 4070 506 4126 Plane
520 4085 549 4126 ut
562 4071 665 4144 pistura
681 4088 741 4146 quae
755 4068 771 4127 a
785 4088 850 4127 vcro
864 4070 930 4137 abit,
954 4072 1035 4131 &vel
1049 4070 1194 4129 cubitalem
1217 4070 1320 4140 nasum,

295 4150 340 4205 vel
353 4148 491 4203 distortum
506 4165 542 4207 os.
553 4147 640 4205 facere
654 4148 837 4222 repraesentat,
860 4146 938 4205 risum
953 4164 1046 4207 mouet
1060 4169 1067 4207 ε
1088 4148 1177 4207 fimitis
1191 4148 1319 4207 delectat.

295 4230 388 4307 Atque
411 4225 463 4285 hoc
480 4224 516 4285 ert
529 4223 604 4302 quod
617 4243 711 4285 omncs
734 4225 854 4287 tribuunt
869 4224 1033 4297 Menandro,
1067 4246 1150 4305 quem
1170 4227 1320 4285 Terentius

1170 4350 1175 4361 .
1190 4306 1320 4384 expreffit.

1281 4423 1297 4455 e
