2892 4775
131 630 928 908 PRAEFAT·
982 561 1247 831 toy
1347 601 1354 609 ’

213 932 218 941 ι

239 1084 374 1147 mensorii
399 1084 624 1147 commendatione
645 1089 774 1149 morabor
795 1104 834 1161 te,
859 1087 913 1151 Lo
925 1106 942 1147 c
953 1104 975 1146 'r
986 1106 1006 1147 0
1020 1108 1040 1149 n
1065 1084 1118 1147 Be
1130 1105 1152 1147 u
1165 1105 1183 1148 t
1196 1109 1266 1152 vo-

242 1184 292 1232 ιε
312 1193 320 1233 :
335 1165 444 1255 seilicet
457 1172 583 1237 alterum
589 1170 657 1253 jam
669 1170 747 1259 sotis
760 1174 831 1258 nosti
840 1196 850 1247 3
873 1175 991 1236 alterins
1001 1188 1080 1257 pcncs
1093 1188 1121 1234 te
1130 1172 1268 1250 judicium

239 1255 306 1347 osio.
352 1248 451 1341 Neque
473 1258 546 1320 enirn
570 1256 594 1319 is
614 1280 661 1341 ego
675 1256 754 1343 ficm,
777 1261 825 1343 qui
844 1258 991 1348 magnifico
1006 1258 1137 1343 sirmone
1157 1262 1268 1335 famum

88 1360 251 1437 prevertere
272 1344 416 1429 postulem,
440 1348 488 1405 nec'
510 1358 541 1407 tu
566 1342 590 1405 is
603 1344 715 1429 es,'qui
727 1346 778 1430 etſs
786 1346 929 1431 postulem,
952 1345 1110 1429 imprudens
1127 1346 1267 1433 offentias.

92 1432 219 1495 ideonum
242 1454 306 1517 ergo
331 1444 360 1491 te
382 1430 512 1492 monitum
535 1430 633 1507 velim,
665 1430 720 1514 qud
746 1432 842 1507 causd,
866 1434 954 1512 quive
978 1430 1111 1515 confidit,
1127 1448 1167 1495 tot
1197 1436 1271 1503 tmul

88 1521 208 1604 pudeant
230 1518 261 1579 in
285 1520 369 1579 lucem
392 1538 452 1577 eum
468 1512 748 1601 interpretationibus
767 1520 803 1581 ξδ’
820 1516 906 1593 Notis
923 1516 1026 1580 Lusisti
1043 1526 1192 1591 artiorem

86 1606 201 1691 presidio
214 1600 348 1690 quibdsoe
361 1602 453 1687 opibus
465 1616 562 1666 tantus
576 1604 656 1665 labor
665 1602 846 1689 proceffltt‘t3
870 1605 932 1689 quis
946 1604 1061 1688 denique
1083 1608 1112 1667 in
1127 1629 1159 1669 re
1176 1607 1210 1669 ub
1223 1606 1267 1668 ioci

91 1692 211 1756 literaricb
224 1692 352 1777 futurus
361 1688 404 1772 stt
430 1712 529 1752 earum
555 1688 775 1754 lucubrationum
800 1686 879 1773 uſses,
903 1706 936 1755 ut
960 1690 1014 1753 tibi
1034 1620 1269 1777 uotoesoports

92 1780 154 1843 ratio
165 1780 278 1863 crosset,
303 1778 338 1839 ld
353 1796 411 1838 rent
426 1799 477 1839 non
499 1790 559 1845 tam
573 1777 691 1839 laudare
706 1800 747 1839 sne
757 1791 850 1861 putes,
873 1778 958 1861 qucicn
971 1793 1110 1859 exponere.

128 1864 360 1929 Decumum
391 1884 425 1925 ex
452 1860 650 1961 dugtcpliffimo
680 1860 834 1925 Rcosun
864 1887 926 1926 cam
955 1861 1115 1948 suscepisses
1144 1862 1270 1931 Luna-

95 1968 188 2015 vtcus
216 1946 399 2024 MAGNUS,
432 1948 465 2011 id
472 1948 532 2029 stbt
553 1949 656 2033 negotii
678 1950 749 2013 duri
769 1949 899 2026 credidit,
932 1965 966 2011 ut
991 1952 1026 2012 ld
1052 1949 1171 2013 Patrem
1180 1952 1275 2037 ſscnat

91 2055 173 2121 ageret
186 2038 220 2101 fid
237 2035 363 2119 Regem:
384 2037 422 2097 ld
443 2044 611 2119 quamquain
633 2034 752 2123 publicis
777 2039 857 2099 rebus
882 2051 947 2098 erat
970 2036 1197 2123 occupatffmus‚
1226 2038 1271 2103 ita

91 2124 224 2209 domesticis
237 2122 374 2198 incubuit,
397 2134 430 2183 ut
443 2122 509 2185 dum
523 2120 844 2207 regnum'am'pliffimum
862 2135 954 2206 paret
970 2121 1047 2207 filio,
1071 2146 1152 2205 regno
1169 2124 1270 2207 filium

89 2225 196 2299 pararet
208 2209 263 2296 sui
272 2204 409 2295 similem,
432 2224 485 2271 aut
496 2206 530 2293 st
550 2206 621 2289 quid
640 2230 668 2271 eu
686 2209 783 2293 posit,
805 2209 936 2293 amplius.
984 2206 1128 2289 Exemplis
1141 2210 1175 2273 id
1185 2213 1273 2295 coepit

88 2298 153 2383 suis,
175 2318 236 2381 qua·
250 2292 436 2379 magnasunt
457 2296 499 2356 ad
516 2292 625 2357 laudem
648 2294 851 2357 incitammta:
873 2293 1003 2377 quassit
1023 2294 1123 2357 dtinde
1145 2297 1195 2379 qai
1209 2296 1272 2361 du-

92 2384 156 2468 gusli
168 2384 261 2448 Pueri
300 2389 375 2449 ectus
388 2378 497 2465 optimis
510 2380 641 2460 moribus,
663 2381 787 2444 animum
809 2376 942 2444 ex'colcrct
962 2379 1127 2444 liberalibus
1149 2382 1277 2468 discipli,
1311 2447 1315 2454 ,

95 2474 138 2535 nic.
178 2469 252 2536 delon
266 2399 474 2564 leichilifflmum
490 2465 624 2532 Carsium
650 2458 728 2530 Sam.
746 2464 917 2530 Maternum
941 2465 1138 2552 Mmtuuserii
1161 2469 1276 2536 Ducem

98 2558 122 2619 in
145 2581 188 2620 ecs
215 2580 300 2620 curas
328 2554 447 2632 accivit,
469 2553 567 2618 virum
596 2553 671 2616 domi
699 2551 735 2613 &l
757 2552 869 2617 militia
894 2554 1047 2636 egregium,
1069 2555 1135 2619 veri
1156 2556 1278 2640 cotiique

97 2659 215 2719 tenacem,
238 2641 365 2706 omnibus
385 2639 490 2722 ingenii
511 2663 546 2710 ac
570 2640 706 2703 debirinae
726 2641 818 2724 opibus
842 2638 1023 2724 irslruiiuen,
1046 2641 1125 2723 csejm
1138 2637 1280 2726 spectatae

92 2731 193 2816 fideiac
205 2728 317 2793 uirtuti
326 2725 394 2813 spes
408 2725 548 2812 publicas,
565 2723 687 2814 ficosque
701 2726 761 2788 tuti
776 2729 976 2805 committeret.¹
1014 2724 1065 2790 llle
1077 2729 1204 2792 continui
1213 2729 1278 2792 huie
1359 2709 1369 2732 '

98 2819 138 2880 uni
155 2814 197 2880 rei
218 2831 305 2879 totum
322 2811 358 2897 se
379 2813 479 2876 dedere
491 2837 501 2888 ;
525 2811 667 2876 moderari
695 2809 840 2893 Principis
860 2811 1040 2896 pueritiam;
1065 2813 1147 2876 aetati
1169 2829 1275 2880 tenera
1352 2843 1361 2862 ν

97 2927 149 2987 qun
169 2899 360 2976 convenirent,
382 2922 415 2962 ea
429 2921 529 2963 curare
543 2899 654 2971 omnia3
679 2920 743 2982 quae
757 2897 822 2982 ceſsei
832 2897 894 2960 olim
908 2896 959 2984 effi
969 2899 1087 2984 pofflm,
1102 2901 1275 2982 providere3

97 2991 158 3052 omni
169 2989 284 3074 denique
298 2985 382 3070 operti
396 2987 431 3048 [d
447 2983 593 3066 diligentid
609 2998 775 3067 promovere
795 2994 918 3047 erectam
943 3007 979 3044 ac
993 2983 1123 3047 vividam
1144 2985 1276 3067 indolem,

99 3097 151 3156 quae
166 3075 241 3162 spem
265 3070 404 3136 uberioris
414 3072 534 3169 studiis
556 3063 723 3146 induxerat,
746 3071 795 3132 ott
819 3069 1051 3153 matueresceret:
1081 3071 1190 3134 interea
1211 3093 1277 3154 queo

99 3162 244 3225 commodior
269 3157 475 3242 &expeditior
498 3154 693 3244 discendarum
716 3156 866 3219 literarum
879 3157 951 3218 ratio
974 3157 1048 3240 effer,
1069 3159 1246 3240 excogitabat
1267 3187 1279 3235 ς
1368 3224 1374 3233 ,

100 3263 149 3312 tum
160 3247 222 3329 quia
229 3244 421 3332 sublevandus
435 3245 473 3330 est
488 3258 528 3306 tet
550 3243 686 3306 aerumttis
701 3243 869 3325 Principum
888 3241 1008 3319 animus,
1031 3241 1131 3305 laboris
1150 3246 1279 3330 plerum-

102 3354 145 3414 que
155 3334 241 3396 mincis
251 3333 376 3418 patiens,
398 3346 458 3396 tum
472 3329 538 3414 quia
553 3330 594 3392 'nd
602 3329 753 3412 graviores
769 3328 941 3414 Respublica
963 3351 1046 3390 curas
1060 3334 1279 3420 propprctntibus
1373 3372 1375 3375 -

103 3421 241 3503 conpendia
256 3418 387 3503 quadam
395 3417 559 3504 studiorum
577 3417 730 3498 quarenda
742 3413 825 3503 ssent.
873 3413 1101 3499 Explorauerat,
1126 3432 1158 3478 ut
1185 3420 1224 3502 est
1246 3420 1279 3486 in

99 3507 244 3570 euoluendis
269 3521 396 3568 veterum
421 3499 602 3566 monumentis
630 3499 884 3588 exercitatiffimus,
917 3501 1068 3564 multorum
1090 3500 1282 3588 interpretum

102 3581 240 3667 incuiiam,
267 3589 414 3676 obscuram
437 3587 583 3653 multorum
604 3585 788 3670 diligentiam}
833 3583 953 3650 Placuit
966 3589 1075 3650 demum
1089 3584 1208 3653 Latinos
1222 3615 1281 3654 om·

101 3685 273 3742 nesouliares
291 3675 390 3742 excudi
407 3697 468 3738 cum
483 3673 709 3748 Commentariis,
732 3672 856 3737 breviter
877 3674 997 3754 quidem,
1012 3671 1068 3758 sed
1088 3690 1182 3741 tumen
1201 3679 1280 3740 tito·
1300 3735 1306 3744 ,

103 3765 151 3830 citt
171 3789 203 3828 oc
220 3765 369 3847 diligenter
391 3759 548 3845 compostis.
595 3757 787 3844 Magnificum
806 3759 840 3821 id
856 3759 963 3840 quidem
982 3759 1077 3837 duxit,
1098 3778 1187 3825 totum
1211 3785 1280 3844 quo·

104 3851 229 3915 dammodo
247 3848 365 3912 Latium
381 3871 543 3914 renovare:
565 3843 601 3906 δ’
615 3847 681 3910 cltum
697 3846 780 3909 unius
798 3843 943 3930 Principis
966 3845 1130 3930 institutioni
1151 3849 1283 3936 consulit,

106 3940 132 4000 le
143 3936 275 4022 smiverfis
288 3936 380 3999 literis
393 3932 458 4002 beni
472 3933 587 3996 mereri.
633 3931 837 3996 Celebrioribtts
858 3955 921 4012 ergo
936 3929 1138 3997 Grammaticis
1162 3939 1283 3998 manda·

105 4040 154 4085 tum
163 4039 225 4108 opus
238 4047 248 4084 .·
258 4025 393 4106 statutus
400 4018 474 4105 ficus
488 4019 583 4104 cuique
597 4018 688 4096 labor,
711 4019 823 4088 decreta
839 4035 892 4113 pro
911 4019 1004 4086 labore
1016 4017 1145 4110 cujusque
1159 4044 1262 4088 merces
1274 4045 1287 4105 ᾗ

106 4113 190 4177 dotum
201 4109 327 4196 sngcdis
349 4105 555 4201 interpretandi
566 4102 717 4193 specimen.

91 994 283 1251 NEC
307 994 506 1093 intempestivis
528 992 656 1063 Teremii
677 1000 818 1081 laudibus,
840 1024 888 1064 nee
911 998 1054 1083 ambitiosi
1076 998 1159 1083 bccs'us
1183 981 1267 1065 Com·
1329 971 1333 977 -
1368 1044 1378 1068 c
