2892 4775
349 191 898 320 'TERENTIAM

102 372 180 432 nium
193 369 299 436 enimus
312 365 413 446 alioqui
432 365 619 427 turbatiflimos
639 367 754 426 feliciter
776 367 961 447 tranquillans.
1002 365 1035 428 Id
1056 366 1132 446 quud

100 446 309 506 luculentilhme
321 445 405 504 docet
419 443 496 519 hujus
507 446 652 502 cumoediae
665 447 843 524 catastrophe.

141 527 312 594 Philltmena,
332 527 360 581 r‘n
371 547 459 581 amore
468 527 636 599 persisterant
645 547 677 580 ar
687 527 827 600 perstflens,
848 545 949 584 manens
962 531 990 582 in
1003 529 1132 594 amicitia,

99 609 194 681 piam,
214 608 329 660 amicus:
349 612 418 679 μῖιω,
438 623 535 659 maneo.
577 601 754 660 Scribendum
770 621 862 662 autem
885 603 949 660 ell'et
963 603 1133 673 Philumena,

101 682 221 740 secunda
235 687 260 738 Is
273 683 354 738 tertia
370 679 497 738 brevibus
512 699 519 736 :
541 695 570 738 at
584 679 661 736 caula
676 678 858 754 produuiouts
876 681 983 738 assumit
1003 683 1093 756 oport
1106 703 1132 751 0,

102 779 135 818 ut
148 761 182 818 srt
206 759 393 837 diphthongus
413 784 440 832 a,
459 777 543 836 quam
557 778 606 816 nus
628 760 654 814 in
675 779 693 814 rr
715 759 827 838 longum
850 759 989 828 vertimus,
1010 759 1132 815 dicentes

101 839 277 897 Pltllfimena.
318 839 363 895 Slc
376 836 574 895 dicuntGraeci
591 839 668 902 ιέσος,
687 835 775 930 t't'suyus,
805 857 855 916 pro
872 863 944 928 ewen,
966 839 1040 913 ’ὄνομα
1089 835 1133 893 SIC

101 916 177 974 dixit
193 917 271 994 Virg.
287 913 385 991 Upr'h‘o,
398 933 448 992 pro
462 915 559 993 Opilio.
593 914 652 972 Nisa
664 915 735 971 lorte
747 917 807 992 quis
816 916 894 976 malit
906 913 1004 972 ducere
1018 914 1034 972 i
1048 914 1133 970 verbo

100 995 225 1071 euripus,
247 995 280 1058 id¹
295 995 340 1064 eil,
372 993 519 1052 conciIiur:
542 1007 571 1050 ut
592 992 624 1051 fit
647 993 820 1076 participium
848 994 1031 1063 foeminInurn,
1058 990 1132 1070 quast

101 1073 260 1143 conciliata,
281 1073 323 1130 vel
337 1087 438 1130 amata.

141 1151 265 1227 Chrysis,
298 1170 398 1208 aurea:
431 1152 534 1230 χροὸς,
564 1167 682 1207 aurunt:
718 1149 874 1230 Chrysides,
895 1168 984 1207 aureae
1001 1146 1129 1224 crepidae,

101 1232 149 1288 vel
163 1230 272 1306 phialae.
311 1232 417 1288 Aureus
437 1247 526 1286 mores
548 1226 620 1304 apud
643 1229 789 1288 Horatium
812 1231 882 1288 libro
909 1245 1007 1306 quarto
1035 1229 1129 1286 Carus.

100 1308 161 1366 ude
182 1305 309 1377 secunda,
323 1320 502 1365 enarratores
522 1305 678 1382 intelligunt
705 1310 790 1366 bunos
811 1307 963 1375 assuetos,
985 1305 1132 1380 pulcherri-

101 1406 176 1454 mos,
196 1386 344 1461 elegantes,
365 1392 390 1442 ue
414 1383 553 1454 amabiles,
583 1401 613 1442 ut
629 1384 703 1460 apud
727 1387 816 1464 Virgil
839 1386 887 1444 Iib.
914 1383 994 1443 VIII.
1017 1381 1132 1440 AEneid.

103 1466 198 1522 Aurea
204 1464 304 1541 secula.
345 1465 381 1522 Et
392 1463 476 1522 rursus
489 1463 562 1538 apud
574 1462 692 1521 eundem
714 1465 768 1524 lib.
780 1466 815 1524 X.
838 1465 928 1522 Aurea
940 1463 1031 1522 Venus.
1071 1460 1132 1520 Etlt

103 1543 190 1620 igitur
203 1541 322 1618 Chrysas,
342 1538 433 1609 aurea,
454 1541 572 1618 elegans,
591 1543 723 1600 amabilis.
1118 1535 1123 1542 ’

145 1622 234 1688 Simo,
254 1621 390 1696 Pamphili
413 1635 500 1696 pater,
521 1617 604 1676 senex
614 1619 678 1676 naso
690 1619 754 1678 sumn
771 1624 797 1676 ur
817 1621 913 1700 prelio,
934 1618 950 1679 s
969 1617 1056 1696 specie
1080 1633 1130 1676 nu.

103 1717 170 1757 men
185 1699 279 1764 habet,
299 1697 374 1778 quud
388 1698 445 1754 limi
458 1697 518 1755 sunt
532 1697 651 1755 iracundi
665 1701 690 1756 δι
704 1698 799 1756 bitiosr.

146 1777 312 1854 Pamphilus,
332 1775 495 1846 adulelceus,
517 1774 534 1833 ὲ
556 1774 630 1834 fideli
643 1795 747 1840 amore.
770 1782 843 1836 Istus
857 1801 958 1848 amans,
979 1775 1022 1836 vel
1038 1775 1131 1834 Omni·

103 1853 271 1912 besontinus.
308 1853 373 1924 andr,
385 1871 462 1924 totus,
477 1861 576 1912 omnir.-
596 1858 675 1928 φίλος,
690 1859 794 1914 amicus.

145 1935 252 2002 Davus,
270 1931 370 2002 servus,
389 1931 504 2009 ipatria
519 1953 525 1991 :
549 1947 578 1990 ut
590 1933 672 2007 paulo
685 1929 749 1990 ante
762 1953 796 1990 ex
814 1931 956 1994 Strabone.

145 2011 265 2080 Dromo,
289 2010 388 2079 servus,
408 2010 425 2069 a
444 2010 518 2068 cursu
533 2032 540 2067 z
558 2012 649 2088 helyam.
671 2013 778 2082 rurſsrs:
801 2012 922 2092 δςομαΐος,
941 2011 1046 2070 velox:
1074 2015 1134 2077 Set·

103 2107 205 2168 vorum
217 2091 263 2158 est,
285 2090 415 2148 velociter
428 2107 545 2158 currere,
565 2087 751 2164 qnhjufl'erint
764 2089 878 2148 domini.

145 2168 229 2237 Solia,
249 2167 371 2239 libertus,
391 2169 512 2246 Qodſst
524 2175 552 2226 in
564 2166 629 2225 bello
635 2171 775 2236 seruatus.
809 2167 893 2232 Unde
907 2171 931 2225 dr
943 2165 1021 2226 servis
1035 2185 1136 2228 numen

105 2245 247 2304 inditum:
267 2246 344 2323 σώζω,
356 2247 450 2320 servo.
675 2292 678 2296 .
876 2259 883 2268 ’
1112 2253 1119 2262 “

148 2326 293 2395 Charinus,
314 2324 478 2396 adulescens,
499 2322 543 2382 Ab
559 2328 640 2381 nnr'rnr'
662 2321 867 2391 benevolentia3
895 2323 1045 2409 χαξίζομω,
1057 2328 1136 2401 fucis

101 2421 203 2481 grata,
222 2402 367 2481 obsequor,
387 2402 584 2463 &beneficium
598 2404 770 2482 gratiamque
781 2404 902 2463 confero.

147 2482 274 2558 Byrrhia,
287 2482 386 2554 servus,
408 2484 436 2539 A
442 2488 546 2559 patria,
567 2483 655 2559 inquit
668 2483 802 2540 Donatus.
845 2486 912 2543 Sunt
926 2483 973 2559 qui
987 2481 1135 2559 Phrygiam

107 2562 151 2634 hia
162 2562 267 2619 Donati
279 2561 366 2618 verbis
379 2574 477 2637 putent
489 2560 573 2616 innui.
616 2558 753 2631 Didymus
767 2557 839 2619 certe
851 2560 1014 2619 existimavit
1025 2562 1136 2637 Aphro-

107 2638 198 2696 ditem
212 2640 359 2715 nuncupari
379 2637 451 2721 nagal
463 2640 492 2698 τὸ
503 2636 574 2718 aleph
586 2636 629 2705 erit
645 2637 748 2705 hahet.
771 2640 823 2697 huc
836 2638 883 2709 ell,
906 2636 923 2696 ai
936 2638 1050 2696 mollitie
1064 2639 1136 2695 vitre.

110 2718 138 2775 B
151 2719 227 2775 enim
245 2734 362 2795 cognata
376 2719 484 2775 videtur
496 2716 581 2775 literae
599 2730 627 2791 φ·
650 2737 713 2774 nam
728 2718 894 2795 Philippum,
916 2716 999 2792 aliqui
1021 2719 1139 2782 βίλιππον

109 2794 267 2873 appellant:
299 2792 363 2853 ltcut
387 2798 518 2871 Phrygas,
538 2798 650 2871 Brygas.
695 2798 797 2853 Auilor
823 2796 922 2853 Caeliut
949 2794 996 2851 lib.
1027 2794 1135 2851 XXIX.

109 2894 172 2951 cap.
198 2875 271 2931 xviii.
313 2874 391 2931 Idem
415 2892 525 2951 quoqne
554 2872 636 2931 tradit
661 2870 756 2942 Lilius,
776 2874 825 2933 lib.
849 2872 935 2931 XIII.
976 2873 1003 2929 A
1023 2873 1138 2949 Phrygia

109 2954 196 3031 igitur
208 2950 253 3010 len
268 2952 366 3031 ngia
378 2970 478 3010 numen
499 2950 562 3009 ellet
579 2952 697 3026 Byrrhiae
711 2972 719 3007 :
741 2950 824 3029 idque
838 2970 886 3029 per
900 2952 1038 3008 literarum
1052 2970 1138 3007 meta·

111 3030 208 3089 thesin.
250 3030 333 3088 Purrd
356 3030 476 3111 Phryges
498 3029 608 3105 ingenio
633 3030 708 3087 luisse
732 3031 829 3099 servili,
864 3030 1002 3106 vulgatum
1030 3030 1139 3085 testatur

111 3109 256 3187 adagium.
269 3110 360 3182 Phryx
372 3111 456 3190 plagis
467 3108 637 3165 emendatur.
678 3108 778 3165 Plinius
787 3109 833 3167 lib.
852 3110 888 3165 V.
910 3126 969 3183 cap.
985 3108 1055 3163 xxix.
1073 3109 1140 3179 Pyr-

110 3188 192 3245 rham
206 3189 303 3245 urbem
317 3188 383 3245 satit
395 3187 494 3245 Cariae.
536 3186 718 3264 Qimilianus
732 3186 779 3243 Iib.
793 3185 816 3249 1.
838 3184 921 3243 docet
935 3186 960 3241 B
974 3185 1080 3241 literam
1096 3183 1139 3241 fu·

111 3264 159 3323 ill'e
174 3266 309 3341 interdum
324 3286 373 3343 pro
388 3268 413 3321 P
426 3266 577 3343 usurpatam
595 3285 601 3323 :
623 3280 653 3322 ut
667 3266 795 3339 Byrrhus,
810 3284 859 3341 pru
874 3264 1000 3339 Pyrrhus.
1040 3262 1141 3338 Itaque

111 3344 170 3402 steri
224 3345 280 3415 tell,
303 3360 333 3401 ut
355 3344 372 3403 al
391 3345 495 3421 Pyrrha
514 3335 580 3400 urhe
607 3362 706 3401 nomen
728 3342 838 3399 dulium
858 3342 889 3399 stt
914 3338 1036 3416 Byrrhia,
1066 3338 1140 3397 idem

110 3419 715 3579 {liltllltqllhIliglssffl‘3¹5
728 3418 1142 3575 hilthitl‘llhffll

112 3600 234 3655 paratos,
256 3580 383 3637 mercede
397 3578 530 3657 proposita
546 3600 553 3638 ι
575 3576 699 3636 Unde&
714 3596 807 3634 narum
822 3576 1005 3653 proverbium,
1029 3574 1060 3629 In
1071 3578 1142 3633 Car-e

108 3658 263 3735 periculum,
283 3656 405 3727 subaudi,
422 3663 511 3734 facim
525 3681 535 3716 .·
558 3657 610 3714 huc
624 3656 671 3724 est,
692 3657 719 3713 in
734 3654 845 3713 humine
868 3670 914 3711 aut
938 3673 966 3711 re
982 3653 1075 3708 viliore
1099 3652 1145 3709 fac

113 3736 292 3812 periculosam
315 3740 522 3813 experientiam,
543 3736 570 3792 In
593 3734 679 3813 quali
700 3754 796 3812 parum
817 3734 931 3791 IeIIciter
955 3731 1069 3803 cesserit,
1091 3749 1145 3787 nun

114 3816 232 3871 multum
246 3814 378 3889 dispendii
392 3814 562 3892 capiendum.

155 3894 245 3961 Crito,
266 3892 341 3970 quod
359 3892 565 3950 controversiam
576 3888 721 3947 dirimat:
748 3888 839 3973 eyrrslr,
849 3892 944 3967 judex,
966 3885 1117 3944 arbitrator
1132 3905 1143 3941 .·

113 3974 192 4052 ιςίιω.
206 3974 310 4047 jaun,
332 3972 480 4049 interrogo,
508 3971 645 4037 eximium
666 3970 838 4046 quastionem
863 3970 898 4023 de
919 3967 1010 4040 aliquo
1033 3964 1144 4023 habeo:

115 4050 187 4109 Sane
201 4048 281 4105 Crito
296 4048 415 4108 Andrias
430 4052 552 4107 Athenas
571 4049 690 4116 veniens,
713 4064 799 4104 totana
821 4042 897 4117 hujus
912 4042 1055 4101 cunroediae
1068 4044 1146 4099 litem
1187 4047 1192 4073 I

115 4134 142 4185 ἃ
157 4126 365 4185 controverliam
377 4127 496 4195 diremit,
517 4126 708 4201 indicansque
722 4124 787 4181 rIIet
802 4122 929 4181 Pasibula.

157 4207 300 4274 Chremes,
329 4206 454 4262 Pasibula:
477 4211 501 4262 de
527 4206 690 4262 Philumene
714 4220 801 4279 pater,
837 4204 935 4270 Senex,
967 4200 983 4259 d
1008 4197 1148 4266 screando,

116 4284 194 4363 quud
208 4282 284 4343 lenes
301 4286 357 4344 tulli
369 4298 519 4363 expurgent
531 4285 648 4365 petlnst
664 4286 837 4437 lpeperimus,
849 4280 933 4356 seres.
1033 4364 1039 4375 q
1080 4352 1153 4428 Gly-
