2892 4775
336 189 1020 297 nnnnMENTUM.
1199 224 1279 311 rm

87 329 147 398 ΒΑ
162 349 216 432 cs:
232 348 257 394 st
272 349 323 406 se,
362 329 514 401 meretrix.
562 331 593 394 A
617 343 730 410 οιιχθι,
762 343 881 415 psopter
914 329 1086 397 ebrietatem
1123 333 1172 399 nel
1200 335 1278 402 inin.

88 503 143 572 Pis
156 439 272 570 Rapiat}
284 523 324 584 n,
348 504 467 570 ancillo.
499 505 538 569 *A
555 502 821 588 patrianominote.

205 611 228 656 n
299 641 306 656 .

90 595 403 832 hoiiissssiscn,
436 679 540 744 abent
563 692 679 759 contra,
704 680 806 754 &elne
833 679 941 746 amico.
987 679 1081 774 Qnii
1104 685 1276 777 contrado·
1323 724 1330 734 =

169 790 229 834 vics
265 785 425 834 momnis.
472 785 475 792 ·

342 1027 1030 1148 ΑκουΜΕΝτυΜἸ

87 1249 168 1372 CL
182 1247 201 1314 l
212 1251 277 1316 NI
289 1249 319 1316 A
333 1249 466 1335 juvenis,
501 1249 665 1318 Menedemi
686 1236 786 1354 filius,
808 1245 1003 1336 Antiphilam,
1027 1247 1169 1316 Philterae
1197 1275 1273 1320 anuo

152 1337 310 1404 Corinthia
324 1339 466 1404 creditam
468 1338 587 1441 sliam,
607 1341 721 1424 perditi
750 1358 852 1402 ornare
881 1339 991 1424 coepit3
1015 1341 1088 1423 quod
1113 1341 1163 1404 uhi
1186 1342 1272 1428 resei-

84 1421 131 1486 vir
141 1439 228 1511 poter
243 1427 440 1503 Menedemus,
462 1426 557 1511 iniquo
572 1428 666 1493 animo
681 1428 775 1501 tulit,
799 1425 844 1487 ita
867 1442 899 1489 ut
924 1425 1041 1512 affiduis
1057 1427 1170 1510 jurgiis
1191 1429 1272 1492 mili-

84 1525 177 1576 tatum
207 1514 238 1576 in
254 1513 351 1598 Afiaon
380 1515 462 1578 abire
487 1515 605 1598 cai'gerit
616 1541 628 1593 ς
645 1517 702 1604 sed
710 1515 804 1601 postea
817 1513 903 1598 futili
925 1513 1103 1581 vehementer
1114 1515 1270 1600 poenitens,

84 1602 289 1682 agrum‘emit,
312 1624 388 1686 quern
409 1601 513 1688 affldue
537 1623 674 1677 enercens,
688 1605 862 1690 senehlutem
888 1601 996 1776 ηἰῖινὶε
1011 1602 1098 1665 modis
1122 1605 1270 1666 excrucia-

84 1685 240 1776 hatsuam,
264 1692 299 1753 ἐς
311 1687 483 1774 fiopplicium
504 1689 613 1774 absinti
629 1689 696 1776 filio
712 1693 778 1778 fica
800 1689 891 1750 dabat
946 1689 1038 1755 uitia.
1084 1689 1186 1754 Clinia
1200 1713 1269 1756 uero

80 1773 140 1858 pust
165 1791 222 1840 tres
245 1778 346 1864 menses
362 1779 544 1851 revertitur3
568 1778 604 1840 ἐπ’
629 1775 702 1842 clam
726 1790 825 1860 patre,
846 1775 927 1860 cujus
942 1776 1084 1839 duritiam
1099 1779 1269 1855 verebatur,

84 1865 127 1926 ad
141 1863 326 1946 Clitiphonem
342 1863 499 1928 Chremetis
507 1865 619 1952 filium,
632 1865 759 1956 sodalem
777 1867 864 1950 suum
889 1863 1025 1937 divertit,
1048 1864 1190 1948 mittitque
1211 1884 1270 1928 ‘ac-

83 1967 211 2016 cerrtum
242 1951 429 2035 Antiphilam.
475 1949 562 2036 Syrus
566 1954 672 2040 servus
693 1949 863 2037 Clitiphonis
888 1973 941 2013 non
965 1964 1079 2014 tantum
1104 1949 1198 2027 illam,
1212 1955 1271 2041 sed

82 2053 170 2104 ettam
202 2038 374 2104 Bacchidem
410 2040 583 2104 meretricem
618 2040 638 2104 ei
666 2039 825 2124 Clitiphone
852 2053 983 2101 amatam
1009 2037 1106 2124 secum
1132 2042 1265 2108 adducit.

82 2124 173 2190 Hanc
198 2127 373 2215 adolescentes
387 2125 566 2212 Antiphilam
595 2129 657 2216 effe,
689 2127 800 2190 Clinia
826 2127 961 2203 amicam,
974 2125 1143 2210 stmulant3
1180 2126 1268 2192 Anti·

76 2213 191 2300 philam
205 2237 273 2278 uero
297 2213 452 2278 Bacchidis
472 2214 593 2302 seruam
617 2217 666 2302 effe
694 2213 840 2280 Chremtie
863 2213 1046 2301 persuadent.
1093 2213 1177 2278 Dum
1204 2215 1268 2282 hac

80 2317 220 2385 aguntur,
253 2299 382 2389 Sostrata
410 2299 564 2368 Chremetis
595 2326 678 2378 uror,
710 2300 891 2389 Antiphilam
907 2304 995 2392 fitam
1023 2303 1072 2391 effe
1083 2301 1197 2403 sliam,
1228 2328 1291 2367 er·

80 2391 196 2467 annulo,
220 2414 283 2455 cum
314 2414 364 2474 quo
382 2390 502 2477 expostta
515 2396 637 2474 suerat,
660 2392 801 2475 cognovit,
832 2390 867 2451 {A
890 2390 996 2473 gaudio
1021 2392 1135 2455 exiliens
1160 2414 1266 2472 oopnem

79 2502 141 2542 rem
166 2480 259 2554 defert
273 2480 316 2541 ad
335 2479 433 2541 virum
460 2480 645 2555 Chremetem,
668 2480 717 2565 qui
744 2492 886 2562 repertam
907 2481 956 2567 effe
963 2478 1063 2562 filiam
1088 2477 1142 2565 ipse
1164 2505 1266 2565 quoque

74 2566 195 2651 gavistts
211 2568 257 2650 est.
301 2562 377 2653 Jarn
406 2568 498 2629 omnia
521 2568 553 2632 in
582 2567 738 2653 tranquillo
756 2580 854 2642 erant,
877 2567 977 2653 absque
999 2557 1265 2655 Bacchidesssioiffet,

78 2655 128 2717 cui
142 2652 266 2737 Clitipho
295 2658 385 2717 elecem
410 2654 503 2717 minas
523 2652 706 2740 promiserat,
727 2677 791 2737 qua
814 2654 1009 2738 quoquomodo
1028 2653 1055 2714 ei
1085 2654 1264 2741 conficienda

78 2756 165 2805 erant
176 2766 186 2817 3
224 2764 258 2805 ne
280 2740 379 2825 aliqua
404 2742 515 2805 ratione
542 2766 605 2805 earn
629 2740 758 2804 Chremes
784 2740 844 2821 filii
874 2742 996 2805 amicam
1026 2740 1075 2825 effe
1097 2738 1264 2829 rescisceret.

78 2830 166 2913 Syrus
200 2828 294 2911 igitur
318 2827 384 2913 fisis
419 2828 524 2893 technis
562 2830 635 2893 hanc
658 2828 802 2917 summam
837 2826 858 2891 ἃ
889 2828 1036 2893 Chremeta
1064 2826 1151 2891 elicit.
1197 2830 1263 2893 De·

78 2916 147 2979 hinc
174 2913 327 3001 Antiphila
368 2914 476 2981 Clinia
514 2918 545 2979 in
586 2940 698 2981 uxorem
729 2918 831 2991 datur,
868 2914 999 2979 Chremes
1036 2914 1206 2979 Bacchidem
1240 2916 1263 2979 ei

76 3002 237 3089 Clitiphone
258 3004 325 3090 filia
350 3004 447 3065 amari
470 3004 706 3069 animadvertit:
730 3002 880 3089 irascitur,
904 3001 1075 3073 minitatur,
1089 3000 1146 3087 sed
1159 2999 1263 3067 Mene·

75 3093 151 3155 demi
179 3092 214 3155 &
236 3091 331 3155 uxoris
351 3092 480 3177 precihus
503 3091 638 3155 delinitus
665 3090 781 3179 ignoscit
794 3086 962 3177 Clitiphoni,
984 3088 1019 3149 δ’
1035 3088 1127 3152 aliam
1156 3090 1210 3154 dat
1234 3090 1264 3155 ei

74 3202 201 3253 sonorem

164 3469 204 3538 C.
228 3472 480 3564 sven-ssu
511 3473 860 3539 Aeoinsnnnse
889 3468 1172 3536 Panrocssn.

119 3670 153 3735 N
171 3674 308 3736 militiam
326 3670 468 3753 proficisci
484 3684 608 3755 gnatum
620 3672 764 3752 Cliniam,
972 3670 1234 3779 ῖὲξτῑυιῑτιιτις.

141 3762 304 3823 Amantem
319 3760 516 3838 Antiphilam,
532 3761 677 3843 compulit
692 3764 781 3825 durus
795 3772 892 3846 pates:
938 3747 1043 3875 pwss'
1063 3734 1263 3868 ffifflffl

70 3848 238 3933 Animique
254 3850 306 3911 lese
322 3850 458 3931 angebat,
478 3848 544 3911 fatti
562 3848 718 3933 poenitens.
944 3864 1097 3927 capreosam
1108 3862 1198 3930 pergin,
1215 3882 1261 3914 om

70 3932 156 3997 Mox
174 3955 204 3997 ut
220 3935 344 3999 sevcriu’
360 3936 413 4009 est,
437 3935 513 3999 clem
531 3956 641 4016 patrem
653 3936 813 4000 dinoscitur
944 3928 1200 4039 &llllmfflm’
1231 3930 1264 3980 ⁶¹

974 4008 1007 4038 um
1023 4008 1066 4051 ore,
1126 3996 1168 4058 epse
1181 3996 1261 4044 Mene·

71 4024 125 4080 Ao
139 4020 361 4105 Clitiphonem:
386 4028 406 4085 is
421 4024 540 4085 amabat
557 4023 683 4087 scortum
700 4024 890 4087 Bacchidem.
945 4055 1010 4105 pm,
1034 4058 1160 4121 pnicum
1187 4060 1261 4109 haue

65 4106 155 4183 Cum
171 4111 326 4173 accerseret
341 4116 469 4191 cupitam
483 4111 668 4192 Antiphilam
677 4109 790 4187 Clinia,
944 4122 1261 4198 rationetrioo',pspsonon·

65 4194 119 4259 Ut
134 4198 192 4281 ejus
209 4198 330 4263 Bacchis
349 4202 426 4259 venit
442 4198 551 4275 ainica,
568 4220 603 4263 ac
621 4198 742 4263 servolae
944 4186 1018 4313 πίε
1035 4188 1261 4299 mmm?

61 4308 110 4365 tici,
130 4310 228 4377 nesciente
238 4308 404 4373 pertediuertir,
422 4308 451 4359 &l
466 4308 490 4375 se
506 4309 579 4373 recipit
597 4308 657 4371 apud
675 4308 815 4371 Clitiphonem
831 4310 941 4362 clemen
955 4315 1044 4378 filium:
1059 4318 1078 4361 is
1093 4316 1142 4362 Clit'
1190 4328 1261 4380 ceptus

60 4384 117 4421 eras
137 4392 205 4423 amore
215 4376 326 4422 Bacchidis
344 4378 460 4421 meretrices.
494 4376 566 4439 Qum
576 4375 771 4436 Glehinocoerfirnro
779 4374 860 4439 erispa
872 4378 1016 4455 Antiphilam,
1031 4378 1089 4440 cujus
1105 4382 1134 4429 ai
1168 4380 1203 4426 dae
1219 4382 1259 4427 ie·

53 4441 123 4505 geori
133 4438 356 4508 apastoflogoatoe,
373 4438 464 4489 Bacchis
474 4440 652 4491 ur'aesuenissues
661 4438 787 4505 auripluo,
802 4455 851 4507 με
850 4442 926 4509 servili
1162 4508 1195 4575 H
1214 4508 1242 4573 b.

1196 4532 1212 4571 o
1234 4530 1260 4574 a·
