2892 4775
374 45 931 186 TER‘ENTJANA.
1217 31 1316 177 sexiii

195 235 306 294 Haecine
320 233 439 295 credibile
450 239 496 315 est,
515 251 564 294 aui
573 234 744 307 memorabile,

197 313 285 370 santa
298 317 423 373 vecordia
435 319 529 372 innata
539 319 654 392 cuiquam
669 316 764 392 uester,

90 383 96 398 ⁸
193 389 233 447 Ur
245 391 323 451 malit
330 396 444 464 gaudeat
457 395 559 462 alienis,
580 409 658 471 utque
670 417 702 450 ex
713 395 871 452 incommodis
944 393 952 402 ’

193 469 312 526 Alterius
313 473 366 545 fita
377 485 407 527 ut
419 485 547 547 comparet
561 474 708 529 commoda!
729 473 765 528 ab
780 479 792 532 s

150 547 198 608 Ibi
222 549 289 604 nibil
313 549 441 617 Faernus,
462 551 503 605 vir
527 551 554 606 in
574 550 621 605 islo
637 554 741 625 'genere
755 547 976 626 diligentissimus.
1017 547 1144 604 Muretus

110 644 207 686 antem
224 626 296 683 ultro
317 625 427 695 fatetur,
447 629 544 684 borum
565 644 682 703 quatuor
705 626 829 684 versuum
853 628 987 684 rationem
1010 624 1147 702 explicare

111 704 227 763 difficile
240 702 301 760 esse.
342 705 404 762 Scio
427 704 494 781 quid
514 706 671 774 Goveanus,
692 706 759 780 quid
777 705 905 840 Scaligt,
928 702 995 780 quid
1019 702 1144 760 Erasmus

111 784 234 841 dixerint
248 781 283 838 ad
299 782 371 840 hunc
386 783 498 841 versum.
540 783 833 852 Arnonettsenarins‚
885 803 908 839 c.
950 780 1078 839 Arbitror
1092 781 1144 837 esse

112 860 291 954 Daclplicnm
309 862 511 936 quaternarium
528 861 704 938 'perseelumt
726 866 752 918 δι
772 861 830 919 talis
851 859 994 918 necessario
1014 858 1104 924 fuerit,
1125 857 1144 914 st

112 941 202 997 modo
221 931 338 994 'tollatur
356 936 434 1004 illud,
455 943 499 1016 esi,
519 938 593 1015 qnod
619 957 655 996 ex
671 937 829 1016 glossemate
843 939 896 994 huc
910 938 1023 1010 irrepsit.
1064 931 1146 994 Possit

113 1017 214 1074 reserri
228 1021 253 1072 δι
267 1015 303 1072 ad
316 1034 400 1092 genus
411 1017 634 1075 choriambicum.
676 1018 814 1074 Secundus
832 1015 917 1091 potest
930 1017 982 1072 esse
996 1013 1148 1073 trochaicus

113 1095 233 1152 senarius
246 1094 434 1160 cataleelicust
456 1093 499 1152 sed
514 1095 622 1154 sortasse
637 1094 776 1152 iambicus
798 1096 919 1153 trimeter
942 1094 1041 1163 suerat,
1062 1091 1097 1150 sic
1111 1090 1147 1149 ad

115 1173 236 1232 sormam
250 1170 323 1229 suam
337 1171 500 1250 redigendus
515 1194 523 1230 2

197 1250 294 1306 lunata
311 1253 427 1326 cuiquam
440 1266 518 1309 tanta
528 1253 612 1329 utjt'et
625 1253 758 1310 vecordia.

126 1398 130 1405 ⁴
154 1328 297 1406 Tuncfiet
311 1329 392 1386 suerit
401 1329 626 1404 monosyllabum.
661 1329 796 1404 Exempla
810 1327 913 1388 infinita
927 1327 996 1386 sunt.
1034 1328 1156 1406 Tertius·

117 1407 157 1464 esl
173 1407 324 1540 trocpaicut
342 1406 503 1484 septenarius
524 1408 704 1478 cataleilieut,
725 1405 874 1483 cujusmodi
896 1427 949 1465 non
969 1407 1082 1464 memini
1101 1424 1147 1464 me
1207 1458 1209 1464 .

114 1487 220 1545 multos
245 1503 336 1558 egere.

89 1633 93 1638 λ
198 1562 237 1618 Ut
248 1562 338 1620 met-lis
346 1567 477 1641 gau-deut·
488 1561 567 1620 alieri
581 1561 667 1640 nt·qu’
683 1564 924 1633 euin-commodis.
973 1617 983 1630 ,

155 1640 281 1710 Tamen,
301 1641 376 1718 quod
400 1643 487 1700 minut
501 1641 630 1699 credibile
641 1641 771 1710 videatur,
795 1661 828 1698 ex
849 1641 940 1718 regula
962 1639 1149 1699 &observati-

116 1739 185 1792 one,
205 1738 266 1796 quae
279 1719 388 1778 inseriut
402 1737 516 1796 ponetur
529 1721 565 1777 de
579 1719 706 1778 elidendo
720 1743 742 1789 s,
762 1721 863 1796 poterit
878 1718 929 1776 csse
943 1717 1058 1776 senarius
1072 1699 1123 1776 sic:

197 1795 236 1852 Ut
247 1797 321 1867 maii,
338 1801 467 1872 gau-dea!
480 1793 669 1876 a·lierrir-utqu'
678 1802 902 1856 rat-incommodis.

160 1875 223 1934 Erit
236 1872 358 2028 [ἂῃίιεῦιὶ
372 1876 399 1932 in
413 1875 527 1934 secundo
536 1878 618 1953 pede,
639 1892 670 1945 ut
682 1881 705 1932 lc
716 1877 743 1932 in
755 1877 845 1946 tertio,
864 1875 901 1932 nil
916 1873 1096 1952 ,frequentium

269 1970 357 2011 uartut
371 1955 430 2014 est:

199 2031 374 2102 Alteriutsua
388 2048 418 2090 ut
431 2045 559 2109 comparet
571 2035 706 2101 commoda,
727 2033 773 2090 ab.

158 2109 233 2167 Puto
247 2108 415 2168 scribendum
430 2111 491 2181 effe,
515 2109 631 2168 Alterius
641 2112 728 2184 utjua
746 2112 871 2167 commoda
885 2109 1070 2188 comparet-ab.

157 2189 221 2259 Erit
234 2188 380 2261 daelylicus
393 2190 588 2265 quaternarius.
630 2189 698 2246 illud
714 2205 805 2246 autem
819 2189 855 2245 ab
870 2205 945 2244 extra
969 2186 1069 2244 versum
1086 2187 1148 2256 etit,

118 2282 150 2324 ut
171 2263 260 2323 solent
273 2265 324 2322 esse
344 2267 564 2336 exclamationes,
589 2267 796 2342 interjeiliones,
816 2268 842 2323 in
865 2267 916 2322 fine
929 2270 953 2321 δι
965 2265 1054 2332 initio,
1078 2265 1149 2340 apud

80 2337 85 2347 ⁴
119 2343 299 2423 Sophoclem,
321 2345 490 2423 Euripidem,
517 2345 734 2425 Aristophanem.
774 2345 849 2423 Qin
863 2343 973 2423 &apud
988 2347 1151 2403 Terentium

78 2423 83 2431 '
116 2423 207 2503 ipsum
224 2424 350 2500 exempla
364 2426 490 2501 reperies.
567 2471 570 2476 .
675 2461 678 2468 ·

352 2500 398 2560 De
410 2504 529 2571 Cretico,
550 2499 595 2559 seu
609 2502 820 2576 Amphimacro.

160 2577 318 2655 Joacbimua
346 2580 529 2649 Camerarius,
559 2581 600 2636 vir
626 2582 695 2636 inter
721 2582 876 2639 Germanos
903 2580 1030 2657 superiori
1055 2576 1151 2636 iaculo

116 2656 237 2734 insignit,
258 2651 477 2724 honoratissimus,
499 2658 617 2736 &longe
631 2660 759 2733 optimus,
776 2676 866 2737 putat,
888 2662 1026 2720 Creticum
1041 2658 1068 2713 in
1080 2659 1151 2713 iam-

118 2736 185 2793 bico
201 2739 225 2791 δι
241 2734 378 2793 trochaico
390 2755 489 2813 genere
502 2738 591 2793 locum
606 2738 706 2793 babere
728 2756 781 2794 non
795 2737 866 2815 posse
884 2756 891 2794 :
912 2740 991 2795 multi
1002 2755 1097 2793 contra
1111 2736 1153 2791 ni·

119 2832 226 2873 tuntur.
267 2814 321 2871 Sed
334 2813 483 2871 videamus.
1043 2863 1046 2872 .

162 2891 195 2947 ln
205 2890 413 2969 Andriapagb.
424 2893 540 2969 legitur:
554 2890 669 2948 Liberius
678 2894 963 2973 vivendisur'tpotnyiur
975 2916 984 2950 .·
995 2916 1055 2953 nam
1063 2904 1152 2950 unita.

162 2970 257 3028 Debet
270 2986 363 3027 autem
378 2970 430 3027 esse
444 2969 531 3027 versus
546 2969 659 3026 senarius
674 2970 815 3029 iambicus.
858 2976 954 3051 statque
975 2972 1085 3031 liberius
1100 2970 1152 3026 erit

119 3048 247 3107 Creticus
261 3048 361 3106 extrito
377 3049 412 3119 E,
439 3049 513 3125 qnod
529 3046 611 3103 breve
630 3049 677 3115 esi,
697 3048 769 3125 quast
782 3054 966 3125 pronuntiaret
980 3050 1082 3106 librius.
1106 3066 1153 3103 ex·

121 3126 217 3201 empsa
232 3123 288 3199 ejua
301 3126 339 3183 rei
362 3126 420 3183 sunt
445 3124 649 3183 innumerabilia
671 3126 697 3181 in
728 3128 836 3185 comicis
862 3133 886 3185 δι
907 3130 1012 3203 tragicis
1026 3127 1154 3200 antiquie.

99 3204 201 3281 'Qin
223 3210 249 3259 δι
265 3201 338 3278 apud
353 3202 500 3280 Virgilium
524 3203 750 3280 diligentiffimum
773 3204 928 3281 scriptorem
956 3207 1039 3283 legas,
1061 3206 1155 3279 aspris,

118 3302 174 3359 pro
193 3283 306 3359 usperirt
320 3286 465 3359 semustum,
492 3302 542 3356 pro
560 3286 723 3357 semiustum
745 3284 851 3352 vinclis,
872 3304 921 3361 pro
934 3284 1072 3346 vinculitt
1093 3304 1157 3338 nra-

118 3360 201 3427 clum,
215 3380 266 3437 pro
277 3359 410 3417 oraculum
424 3382 434 3425 3
450 3358 616 3437 gubernaclo,
638 3378 688 3436 pro
708 3360 903 3435 gubernamine
922 3362 1022 3431 circlos,
1040 3379 1089 3438 pto
1103 3364 1155 3415 cir·

118 3438 203 3506 culos,
230 3438 396 3514 &manipiis,
417 3458 467 3514 pro
483 3439 626 3513 manipulis.
668 3438 712 3493 Ac
726 3438 894 3496 stelidaturs
918 3443 943 3497 in
957 3439 1059 3508 librtas,
1079 3433 1155 3515 quod

119 3518 190 3574 olim
206 3514 299 3585 fiebat,
320 3519 372 3574 etit
386 3532 492 3574 tantum
518 3513 751 3591 daelyluslibrin'.
793 3517 831 3574 At
852 3518 918 3575 illud
934 3522 996 3591 fuir
1021 3518 1072 3575 etit
1096 3532 1158 3571 mo·

121 3593 297 3669 nosyllabum
313 3616 323 3659 t
343 3595 457 3671 quod&
482 3612 575 3655 vetum
597 3594 647 3651 esse
672 3593 807 3651 interdurn
836 3594 898 3670 scio.
940 3594 1159 3653 TuncCrc'ticut

122 3672 246 3730 exclusus
257 3672 347 3728 suerit.
390 3674 467 3749 Ergo
479 3690 617 3747 quaeratur
630 3670 717 3740 aliud,
738 3674 946 3739 &aliudetiatm

161 3750 227 3825 Pag.
241 3770 268 3827 9.
291 3750 345 3805 Pro
359 3771 438 3806 uxore
451 3748 546 3806 habere
557 3752 624 3807 hunc
632 3756 820 3826 peregrinam,
836 3772 879 3827 ego
894 3748 1078 3824 illudsedulo.
1093 3747 1156 3805 Ma·

122 3826 297 3885 nisesirffimus
311 3827 362 3885 esse
376 3828 482 3885 videtur
495 3826 619 3884 Creticus
642 3829 670 3883 in
690 3830 763 3904 grin'
788 3831 827 3904 eg'
842 3828 888 3893 iit
912 3828 954 3885 sed
979 3829 1005 3884 in
1018 3828 1074 3898 isle,
1094 3826 1158 3891 ilia.

122 3910 172 3963 arc.
195 3907 260 3961 olim
272 3906 345 3982 prior
357 3904 459 3980 syllaba
472 3922 530 3972 erat
544 3907 693 3963 communia
710 3927 719 3968 ;
741 3926 797 3983 quo
812 3907 876 3963 nihil
890 3906 999 3963 certius.

165 3984 226 4060 Pag
254 4001 298 4041 ιο.
314 3982 389 4040 Nune
404 3998 476 4041 tuum
491 3986 524 4061 iss
539 3986 645 4060 officium
656 3982 953 4057 hosbeneutaffimules
966 3988 1079 4061 nuptias.
1114 3982 1159 4041 Est

124 4081 221 4119 autem
237 4064 282 4118 bic
293 4062 379 4118 versus
392 4063 470 4137 plane
485 4064 629 4125 trimeter3
651 4079 715 4137 ergt
726 4062 848 4118 Creticus
860 4064 887 4118 in
902 4064 990 4139 prima
1005 4062 1076 4122 sede.
1111 4062 1159 4119 Ad

125 4140 155 4203 id
173 4155 299 4214 negatur,
321 4158 370 4215 per
392 4138 567 4207 collisionem,
588 4140 698 4208 scilicet,
719 4138 894 4216 &synizesim
920 4141 958 4200 ita
978 4156 1008 4199 ut
1031 4140 1062 4199 fit
1082 4138 1097 4195 s
1113 4158 1160 4196 on-

125 4218 244 4298 daeuslrn
259 4219 349 4297 prima
362 4218 555 4304 partesenarii.
615 4292 626 4307 ·
700 4258 705 4275 r
789 4216 842 4295 b4
1092 4158 1160 4293 Bag.
