2892 4775
133 162 203 238 lxiv

492 162 582 239 PR
607 162 642 238 Ο
667 166 702 241 L
725 164 758 237 E
781 164 817 237 G
841 166 877 239 Ο
901 166 946 239 Μ
971 164 1004 240 E
1027 167 1067 240 N
1092 166 1129 238 A

293 290 356 426 pio:
386 286 483 349 modos
502 289 569 351 lecit
590 290 721 353 Claudius
741 290 863 361 Flaccus,
891 290 994 355 Claud.
1009 293 1087 368 filius,
1111 292 1185 354 tibiie
1206 292 1339 372 paribus..

311 369 455 505 dadihnhdl.
470 446 520 504 lll.
542 446 620 504 Scen.
634 448 691 507 IV.
715 447 769 506 Ima
782 446 867 525 quid}
901 448 1066 526 Anapaehus,
1089 448 1154 509 vide
1166 449 1273 511 versum
1288 448 1330 506 nl-

296 522 403 583 timum.
423 525 504 585 cheu.
520 524 573 582 IV.
598 526 659 584 net.
676 526 731 584 IV.
764 527 839 585 Vide
852 528 958 604 Hecyr.
973 528 1052 585 Scen.
1068 529 1117 587 ult.
1140 524 1342 589 BxAu.1v.'

297 604 375 661 Scen.
389 602 442 662 lV.
464 598 588 676 Inuum]
608 604 773 684 Anapzssus.
815 605 889 665 Vide
903 606 966 664 Aa.
984 605 1037 664 111.
1059 610 1137 665 Scen.
1154 607 1211 668 lv.

193 792 199 803 -
305 742 1311 825 EXlNSCRlPTlONEPHORMIONlS.

485 874 554 932 Haec
567 877 699 953 inscriptio
701 879 804 953 judicio
818 882 901 958 nostro
913 884 955 937 ita
968 878 1073 955 legenda
1084 874 1143 957 est}

364 990 393 1048 U
406 985 436 1045 B.
450 989 577 1047 Terentii
594 989 654 1047 afri
672 989 809 1049 Phormio.
854 991 922 1046 Acta
933 988 1004 1047 lu'dis
1019 990 1151 1055 Romanis
1171 990 1204 1050 L.
1215 986 1332 1050 Pollhu·

366 1068 424 1125 mio
436 1068 545 1133 Albino,
562 1068 596 1127 L.
612 1068 743 1125 Cornelio
757 1066 866 1125 Merula
876 1068 994 1127 AEdilib.
1010 1061 1103 1126 'Curuh
1111 1068 1201 1146 Egere
1211 1070 1248 1127 L·
1261 1070 1332 1124 Am·

298 1145 385 1205 bivius
399 1146 459 1202 Tur
479 1146 518 1215 io,
541 1142 575 1202 L.
592 1146 705 1205 Attilios
725 1146 905 1207 Praeneslinu.
945 1145 1048 1205 Modus
1062 1147 1128 1204 lecit
1139 1144 1239 1206 Claud.
1251 1145 1332 1204 Flac·

298 1242 356 1293 cus,
380 1164 478 1281 claud.
495 1225 572 1296 filius,
598 1224 669 1285 tibiis
693 1224 810 1318 paribus·
852 1224 929 1283 Tuta
943 1226 1043 1287 Graeca
1066 1226 1103 1283 est
1125 1222 1333 1303 Apollodorou,

297 1304 489 1440 iorlmpcopsuln.
519 1303 592 1362 Asia
606 1320 706 1382 quarto
717 1302 763 1362 eli.
789 1301 873 1361 Edita
886 1304 921 1363 C.
936 1302 1041 1363 Fannio
1054 1302 1197 1371 Strabone,
1211 1303 1254 1363 M.
1272 1300 1339 1360 va»

308 1383 364 1438 erio
396 1384 423 1437 le
446 1383 571 1443 aacoff.

276 1476 280 1489 ¹
337 1460 379 1517 Ex
392 1459 455 1518 Adi.
467 1461 490 1519 l.
507 1462 549 1521 Sc.
562 1462 575 1519 Ι
580 1460 615 1517 V.
632 1462 701 1519 Nam
713 1458 805 1538 absque
814 1461 915 1537 eoefflt.
938 1460 1016 1518 Recio
1026 1462 1227 1541 mihividrffinr.
1240 1461 1331 1539 Scrip-

296 1552 355 1597 turn
374 1538 399 1595 in
415 1537 469 1597 alio
490 1538 637 1617 exemplari
653 1540 771 1615 reperio,
791 1538 863 1597 Nom
883 1538 974 1616 absque
985 1562 1014 1598 eo
1030 1549 1098 1599 recle
1114 1561 1158 1616 ego
1169 1542 1232 1601 milri
1244 1541 1331 1613 uidis-

288 1615 353 1693 sem.
393 1616 476 1697 Quid
499 1618 590 1697 suffer
609 1620 743 1695 legamus,
762 1634 809 1676 aut
829 1620 978 1676 notandum
999 1638 1101 1677 novum
1121 1622 1173 1677 erit
1186 1618 1331 1679 locutionis

297 1715 401 1773 genus:
422 1714 470 1756 aut
483 1698 521 1757 ita
539 1698 628 1755 oratio
641 1695 837 1775 distinguenda,
862 1695 932 1757 Nam
944 1696 1084 1775 obsqueeo,
1104 1698 1164 1774 effer
1185 1704 1263 1768 rotie,
1283 1718 1331 1775 ego

297 1774 500 1854 roibr'vidrfflro.
539 1774 655 1834 Euan.
672 1772 709 1835 II.
732 1774 775 1833 Sc.
795 1774 818 1831 Ι.
846 1773 1122 1851 Nisjinverrreritnro
1135 1773 1197 1854 est.]
1225 1778 1257 1835 ln
1271 1776 1331 1833 haec

298 1852 382 1912 verba
390 1854 428 1911 ita
437 1854 583 1929 Interpres,
598 1854 670 1911 Ordo
681 1850 805 1928 &sensus
817 1854 859 1911 bic
869 1857 923 1931 est:
948 1854 1027 1912 Nihil
1037 1856 1102 1913 mihi
1115 1859 1233 1915 mercedis
1237 1858 1330 1927 srrave

212 1932 215 1939 ’
296 1933 345 2007 est,
360 1946 443 2010 noega
456 1934 532 1991 illam
546 1932 658 1991 curtillo
673 1936 885 2007 nuptomserarrr.
928 1931 1102 1991 Suaveenitn
1115 1932 1255 2004 meritum,
1269 1933 1333 1997 sara-

297 2031 358 2067 vem
373 2010 527 2069 mercedem
538 2008 677 2087 fignificat.
718 2010 780 2088 Ego
793 2009 920 2086 scriptum
935 2010 1008 2067 soille
1022 2028 1101 2089 puto,
1122 2010 1334 2081 Mlluaoeore-

296 2087 1332 2245 unp,tu,apprehrppmippppfppp,33333:331ss

299 2188 443 2323 durantes?
454 2184 521 2305 ciret
534 2181 665 2324 efflhlprdcr
687 2259 735 2302 aut
748 2247 839 2315 srrave
852 2245 955 2322 aliquid
964 2209 1064 2323 pariari
1104 2245 1194 2305 Potest
1213 2243 1287 2303 &sie
1300 2243 1332 2301 id

298 2324 431 2402 intelligi:
455 2324 534 2382 Nihil
541 2324 679 2402 mibisecir
694 2323 807 2401 Antipho
813 2326 914 2399 strnue,
932 2339 962 2381 ut
975 2328 999 2380 ei
1010 2324 1113 2406 aliquid
1116 2326 1165 2402 effi
1169 2325 1260 2401 fatove
1268 2337 1334 2400 per-

299 2407 412 2462 mittam.
433 2407 542 2472 Moeri,
558 2409 707 2482 prosatore
721 2423 775 2462 non
788 2404 843 2462 hoc
855 2402 961 2464 tautirrn
975 2402 1037 2462 loeo
1057 2405 1204 2483 usurpavit.
1244 2403 1290 2462 Ita
1301 2403 1331 2468 in

185 2524 187 2530 ·
297 2483 419 2557 Hecyra,
435 2483 498 2542 Aa.
514 2482 571 2566 Ill.
596 2481 725 2540 Scenv.

376 2563 447 2639 Qae
461 2584 586 2639 nunquam
599 2564 735 2640 quidquam
748 2581 813 2638 ergo
826 2582 865 2618 rnr
875 2563 1023 2620 commerita
1036 2565 1081 2639 est,
1094 2576 1186 2640 parer,

375 2641 457 2720 Qod
462 2640 564 2712 nollem,
587 2639 698 2716 &Jaepe
711 2641 778 2714 quod
787 2639 882 2696 vallem
894 2644 1082 2718 meritamstio.

340 2719 432 2796 Nempe
447 2717 649 2790 Phormionem]
672 2719 735 2778 Alia
744 2717 909 2794 exemplaria
918 2717 1031 2791 habent,
1042 2719 1110 2777 Num
1123 2718 1330 2778 Phormionem?

299 2811 382 2888 atque
393 2800 433 2856 ita
449 2799 554 2889 ¹conllat
574 2793 707 2888 Senarius.
734 2794 808 2888 Vide
823 2816 857 2886 an
870 2797 948 2888 malis
967 2797 1105 2856 literarum
1118 2795 1329 2885 transposrtione,

298 2873 884 3032 leilllllll?,lllllallilslzlll
897 2875 1332 3031 ,lllhlhllllis’dh

268 3053 274 3060 ·
299 3052 354 3112 qua
369 3032 474 3091 ratione
488 3034 582 3092 fecerit
596 3051 650 3090 non
665 3031 757 3102 video,
780 3031 826 3088 nisr
843 3051 893 3110 pro
904 3033 1032 3090 Phormio
1045 3032 1175 3090 Phromio
1187 3029 1327 3108 scripserit.

299 3113 345 3170 De
361 3112 401 3168 hia
420 3111 558 3171 literarum
581 3108 837 3188 transpositionibus,
862 3110 925 3168 vide
939 3111 1120 3168 Theodorum
1129 3109 1331 3169 Grammatico

299 3189 370 3248 libro
383 3205 491 3266 quarto.
530 3191 658 3248 EtScen.
681 3189 737 3247 111„
761 3189 862 3245 Ehotu
875 3186 1120 3263 sobrinumtunm]
1152 3187 1234 3266 Apud
1250 3187 1356 3245 Cice-r

302 3287 396 3325 runem
411 3269 437 3324 in
452 3263 572 3326 Oratore
586 3265 620 3323 ad
642 3267 752 3325 Brutum
769 3268 894 3344 legimus,
917 3267 973 3327 Eho
993 3283 1023 3324 tu
1036 3282 1181 3344 cognatum.
1223 3267 1255 3324 Id
1268 3268 1335 3342 quod

300 3344 453 3422 lexjubrr]
485 3345 559 3402 Vide
573 3363 636 3402 num
649 3344 807 3422 legendum,
823 3345 859 3401 Ei
870 3349 944 3422 quod,
966 3349 1015 3402 dcc.
1038 3363 1069 3404 ut
1083 3343 1165 3422 paulo
1178 3345 1244 3422 post,
1267 3362 1330 3400 cum

300 3425 375 3482 Senis
403 3427 487 3482 verba
509 3423 607 3501 repetit
623 3421 761 3492 Phormio,
785 3425 928 3480 Mercedem
947 3426 1012 3480 dare
1034 3423 1078 3480 lex
1089 3419 1170 3502 jubet
1191 3428 1225 3492 ei,
1253 3437 1332 3498 atque

299 3506 452 3562 omittere?
475 3502 535 3559 Non
548 3524 635 3578 agam,
653 3498 687 3578 ι.]
723 3501 865 3573 Dadlylus.
889 3500 933 3558 Ex
949 3503 1011 3558 Adi.
1028 3501 1081 3559 llI.
1102 3504 1178 3560 Scen.
1191 3501 1232 3559 ΙΙ.

340 3579 422 3639 Dorio
433 3584 495 3638 andi
508 3577 615 3648 obsecro.
642 3579 837 3639 D.rrorraudir.
878 3579 908 3636 P.
917 3593 1063 3656 parumper.
1105 3580 1144 3638 D.
1168 3585 1229 3657 quin
1245 3581 1361 3637 omitte·
1420 3597 1434 3614 ‘

300 3657 363 3733 mn]
403 3659 435 3717 ln
451 3660 523 3718 hunc
538 3658 642 3717 versum
666 3657 868 3733 italnterpree,
890 3659 1013 3734 Suntqni
1023 3662 1059 3730 fic
1081 3659 1178 3732 legant,
1206 3656 1331 3714 usuario

300 3739 429 3799 Pbaedrr'a
441 3741 512 3795 α’ὶιαι·
525 3760 534 3796 .·
553 3739 629 3804 Leno,
640 3738 721 3794 audi:
734 3741 826 3792 iterum
838 3736 966 3794 Pha-dria
980 3757 990 3792 t
1003 3735 1123 3809 Obsecro.
1144 3732 1227 3793 Certe
1235 3735 1282 3810 qui
1293 3735 1332 3793 ita

300 3818 455 3876 orationem
479 3815 688 3894 distinguebant,
721 3813 750 3871 id
774 3813 912 3878 viderunt,
939 3834 992 3871 non
1018 3833 1111 3891 petere
1137 3813 1289 3872 Phaedriam
1316 3811 1347 3869 ὲ

300 3896 415 3954 Lenone
436 3912 467 3953 ut
481 3897 607 3953 audiret:
636 3891 680 3950 sed
704 3909 733 3949 ut
746 3911 889 3969 parumper
905 3890 983 3961 Leno
997 3891 1139 3968 pecuniam
1154 3891 1331 3967 exspedlaret.

300 3975 402 4050 Neque
420 3975 492 4030 enim
508 3970 681 4047 respondisset
697 3971 786 4038 leno,
810 3971 875 4028 Non
891 3971 983 4038 audio,
1005 3969 1023 4026 st
1039 3969 1205 4028 audientiam
1223 3968 1331 4026 tantiam

300 4051 453 4110 adolescens
475 4051 634 4128 postularet:
657 4048 684 4106 id
706 4048 836 4126 siquidem
849 4045 1011 4124 respondere
1027 4049 1149 4117 solemur,
1179 4065 1241 4106 cum
1256 4045 1331 4123 quod

300 4131 402 4266 petirpr
422 4149 476 4186 non
502 4127 668 4186 concessuros
685 4147 738 4185 non
753 4126 937 4204 significamus.
979 4127 1042 4204 Ego
1054 4125 1269 4206 distinguendam
1291 4127 1331 4182 ita

300 4225 370 4267 oran
391 4225 455 4267 nem
473 4225 527 4266 non
552 4223 639 4292 puto:
664 4223 726 4264 cum
750 4205 815 4263 illud
831 4207 911 4277 Audi,
936 4206 1027 4264 lenoni
1055 4221 1114 4266 tam
1136 4205 1271 4340 ubslinapp
1296 4201 1332 4260 ad

1264 4301 1330 4343 ene·
