2892 4775
159 151 328 275 cmffi

541 143 1175 232 PRoLaooMENA

335 274 507 334 existimaret.
529 271 642 332 Etcum
653 269 765 350 persese
774 269 918 332 dolentres
929 273 1073 350 Pamphilo
1085 273 1206 349 (amabat
1220 273 1292 337 enim
1305 277 1366 336 mu·

335 349 485 421 lierculaml
510 366 569 412 tum
590 351 729 408 moretum
742 351 826 410 eliab
840 371 874 409 ea
887 349 1001 410 divelli:
1023 371 1112 430 neque
1126 353 1198 410 enim
1224 353 1365 414 honeuum

336 447 397 490 erat
410 429 546 489 reducere.
572 428 743 488 Periclitatur
755 430 848 506 itaque
860 429 1025 508 Pamphilus,
1040 428 1181 506 quomodo
1195 431 1302 491 bonelli
1315 435 1364 490 de·

337 512 430 570 mittat
445 526 568 578 uxorem,
587 525 657 599 uere
669 505 740 566 iilius
758 525 902 586 peccatum
915 507 1054 588 proderet.
1094 505 1164 566 trec
1188 507 1286 566 sabula
1298 513 1367 570 Pso-

339 582 399 648 talir
412 589 457 645 est.

784 665 905 744 Epitafir.

374 741 474 802 lnslant
487 755 564 819 pater
575 749 603 825 §r
616 741 699 811 socer,
722 743 793 803 inscii
807 745 873 822 quid
894 741 1037 814 accidisset,
1059 757 1089 802 ut
1103 741 1216 804 domum
1230 743 1363 802 leducat:

337 820 483 900 prasertim
499 839 561 878 cum
575 840 625 879 nec
644 822 742 893 socrus,
763 839 813 881 nec
827 837 923 892 mater,
945 821 973 879 id
987 821 1061 898 quod
1075 820 1147 880 senes
1163 823 1227 880 salso
1241 823 1364 898 suspicati

338 899 456 969 fuerant,
475 900 620 957 obstarent.
662 895 827 979 Qanqtram
841 916 934 960 autem
952 899 1104 977 permoveri
1118 919 1170 956 non
1185 901 1270 976 pollet
1284 902 1364 958 Pam·

337 979 426 1055 philus
446 992 476 1034 ut
489 976 642 1048 reduceret,
663 992 754 1038 tamen
767 978 873 1038 causam
895 973 1097 1037 constantissimi
1111 977 1265 1036 dissimulat.
1303 977 1365 1035 stur

338 1053 385 1126 ed,
395 1071 424 1114 ut
433 1055 950 1133 putentBacchidisamoredevinslum,
964 1055 1055 1116 alieno
1063 1057 1098 1114 ab
1107 1075 1192 1116 uxore
1200 1058 1291 1116 auimo
1300 1055 1363 1116 else.

762 1137 835 1194 Cata
857 1158 886 1194 ro
903 1136 942 1194 be.

375 1211 488 1271 Bacchis
510 1211 645 1282 accersita,
665 1211 748 1272 fidem
769 1139 856 1274 sacitst
860 1152 926 1272 nihil
939 1211 986 1270 fibi
1000 1231 1062 1272 cum
1075 1213 1217 1291 Pamphilo
1236 1213 1275 1270 rei
1298 1211 1360 1271 esse.
1389 1213 1399 1224 '

337 1289 396 1348 Hic
405 1307 496 1358 antem
508 1292 677 1366 prodendum
686 1305 828 1368 peccatum
839 1291 926 1351 uxoris
937 1289 999 1358 fuit,
1014 1308 1062 1349 aut
1075 1289 1229 1351 reducenda
1241 1313 1248 1348 ι
1267 1291 1362 1350 verium

336 1367 397 1426 casu
412 1371 557 1444 periculum
571 1369 720 1437 discutitur.
760 1367 841 1429 Portis
861 1370 1114 1428 enimPhilumenae
1133 1372 1259 1429 annulum
1274 1369 1361 1428 socrus

336 1447 366 1503 in
387 1448 475 1524 digito
491 1447 627 1506 Bacchidis
646 1448 797 1525 conspexit,
816 1467 899 1526 quem
922 1449 989 1506 olim
1011 1451 1166 1526 Pamphilus
1189 1449 1310 1524 slupratae
1334 1447 1361 1506 in

337 1527 453 1586 tenebris
467 1526 632 1584 Philumenae
653 1527 817 1585 detraxerat.
858 1527 885 1585 Is
905 1527 1016 1584 annulus
1040 1529 1148 1586 testatur
1169 1545 1203 1584 ex
1216 1524 1362 1602 Pamphilo

337 1623 451 1679 puerum
465 1603 612 1681 susceptum
626 1607 688 1665 esse.
729 1605 773 1663 Ita
795 1603 865 1663 redit
879 1605 906 1662 in
921 1607 1037 1681 gratiam
1057 1623 1118 1664 cum
1134 1623 1217 1664 uxore
1232 1603 1361 1679 Pamphi-

337 1681 388 1742 lus.
430 1682 553 1759 Jucunda
577 1685 613 1740 est
633 1703 696 1742 cum
718 1683 845 1742 uxoribus
871 1683 962 1740 senum
985 1685 1163 1753 concertatio,
1184 1702 1245 1760 quae
1266 1697 1360 1740 monet

337 1760 408 1837 saepe
420 1778 509 1818 errore
522 1768 547 1820 dc
559 1761 627 1820 salsis
642 1761 828 1838 suspicionibus
848 1759 905 1818 fieri
917 1776 947 1818 ut
970 1761 1122 1820 dissentiant
1145 1761 1283 1838 conjuges.
1326 1761 1359 1818 ln

338 1840 432 1916 primis
446 1854 538 1898 autem
548 1840 653 1918 indgnis
665 1841 702 1896 esi
715 1841 865 1897 humanitas
878 1844 902 1896 δε
915 1838 979 1897 fides
990 1839 1124 1916 Pamphili
1138 1841 1164 1898 in
1178 1841 1231 1898 lrac
1244 1837 1346 1897 sabula.

609 1915 1097 1998 INJHORMJONBM.

384 2045 388 2050 .
782 1993 907 2072 Protasts.

417 2073 491 2132 ΠΜ
505 2073 637 2150 Antipho,
658 2071 767 2132 absente
780 2089 866 2148 patre,
887 2078 913 2132 in
928 2072 1045 2150 puellam
1065 2072 1203 2151 quandam
1217 2071 1299 2131 unici
1311 2072 1361 2130 de-

338 2236 404 2287 a...
418 2152 1359 2307 lists·tishsilffrllhll„lst‘thlslt‘stlltt‘tltt

339 2309 404 2366 dam
419 2308 597 2367 Phormionis.
636 2310 665 2369 Ie
688 2309 760 2367 enim
785 2328 820 2366 ex
842 2309 991 2386 composito
1012 2309 1085 2366 diem
1107 2307 1174 2366 dicit
1198 2307 1359 2386 Antiphoni,

338 2388 417 2463 fingit
430 2389 547 2462 puellam
568 2388 594 2445 ei
614 2401 759 2466 cognatam
773 2388 837 2456 esse,
855 2407 944 2465 neque
965 2406 1120 2466 quenquam
1144 2389 1224 2446 aliam
1250 2388 1359 2464 propio·

338 2484 398 2523 rem
412 2465 454 2521 cui
474 2466 565 2523 nubat.
606 2463 698 2523 Pacisci
711 2468 748 2524 est
762 2466 868 2525 vincere
882 2486 935 2525 non
955 2482 1160 2544 repugnantem.
1200 2468 1243 2525 lta
1257 2466 1360 2543 legibus

333 2543 442 2602 ‘ducere'
449 2545 555 2622 cogitur
567 2541 699 2622 Antipho.

780 2624 859 2681 Eira
880 2644 900 2680 s.

378 2700 446 2758 Non
455 2699 585 2778 probatur
593 2720 675 2759 avaro
684 2703 765 2779 patri,
781 2638 826 2761 ulii
837 2622 927 2770 iiim
942 2700 1061 2769 sedium:
1076 2700 1163 2779 utqui
1175 2698 1294 2759 malebat
1305 2699 1359 2759 filio

337 2780 496 2853 opulentam
513 2780 629 2855 aliquam
643 2780 801 2837 &dotatam
815 2778 971 2839 obtrudere.
1006 2784 1173 2858 Qarecum
1197 2780 1359 2837 Phormione

338 2858 495 2931 expostulat,
523 2876 570 2914 cur
583 2858 610 2914 in
624 2859 671 2915 has
685 2860 790 2935 nuptias
812 2858 838 2915 se
857 2857 967 2917 absente
990 2857 1073 2916 lilium
1087 2857 1243 2933 conjecerit.
1283 2858 1359 2913 'I'an-

337 2934 400 2991 dem
416 2933 554 3010 paciscitur
568 2936 651 2993 etiam
665 2936 819 2996 mercedem
839 2939 924 2995 minas
939 2938 1057 3014 triginta,
1078 2936 1096 2993 si
1111 2936 1244 3010 receperit
1257 2934 1292 2991 ad
1307 2932 1359 2991 sese

337 3013 464 3089 puellam.
504 3012 547 3069 Ibi
562 3014 626 3071 verb
639 3018 663 3071 ἀ
677 3015 801 3092 Antipho
814 3018 840 3074 irs
854 3014 996 3073 discrimen
1006 3016 1090 3083 venit,
1112 3034 1146 3071 nu
1160 3030 1283 3090 peream
1294 3030 1358 3070 corr·

337 3090 479 3161 ditionem,
501 3089 555 3169 ipse
569 3089 645 3151 unice
655 3094 765 3152 charam
779 3092 960 3169 &jucundam
971 3092 1114 3170 conjugem
1131 3090 1281 3149 amitteret.

764 3170 939 3250 Gotastropbe.
997 3171 1000 3177 ¹

268 3239 272 3245 ’
375 3245 484 3304 Interea
504 3246 617 3307 domurn
642 3248 712 3308 redit
735 3254 760 3307 dr
782 3266 892 3327 patruus
916 3248 1086 3327 antiphonis,
1115 3246 1156 3303 his
1183 3242 1265 3304 fidem
1294 3244 1359 3303 satit

336 3327 454 3402 puellam
469 3327 621 3403 Antiphoni
638 3343 763 3405 nuptam,
786 3347 820 3385 ex
833 3325 859 3385 se
883 3328 910 3385 itt
933 3328 1041 3385 Lemno
1061 3325 1207 3402 susceptam
1229 3326 1291 3394 esse,
1311 3326 1359 3381 ubi

336 3422 398 3460 cum
420 3405 574 3461 muliercula
586 3404 707 3482 quadam
727 3405 913 3464 consueverit:
933 3405 1088 3481 gaudetque
1100 3406 1138 3462 ita
1151 3403 1211 3463 casu
1224 3402 1357 3469 cecidiffe,

337 3480 506 3551 se'absente,
527 3484 595 3540 ntis
617 3482 740 3553 duceret,
767 3502 849 3561 quem
872 3482 990 3542 maximi
1011 3484 1065 3559 ipse
1088 3500 1215 3561 generum
1237 3496 1358 3559 cuperet,

337 3559 452 3635 &paulo
472 3558 535 3617 anti
551 3559 683 3620 ambibat.
723 3563 767 3621 Ita
790 3578 820 3620 at
841 3576 870 3621 nt
886 3566 911 3618 te
926 3563 1047 3639 Antipho
1060 3564 1174 3621 retineat
1194 3561 1359 3628 uxorem&

338 3638 440 3715 nuptie
452 3640 523 3715 patri
543 3640 700 3715 probentur.
722 3661 725 3667 ·

642 3718 755 3775 Secunda
770 3716 947 3795 Catastrnpbes
957 3731 1030 3795 pars.

371 3794 455 3855 Porro
469 3794 578 3872 triginta
590 3797 670 3852 minae
681 3813 749 3873 quos
765 3795 842 3854 ludos
861 3796 1017 3857 reddidere!
1039 3797 1099 3857 Han
1117 3794 1263 3856 extorserat
1274 3794 1358 3853 Phor·

335 3874 402 3942 mio,
416 3892 575 3949 quanquam·
582 3873 753 3931 dissimularet
765 3873 868 3932 dandas
881 3874 959 3933 alteri
973 3874 1136 3935 adolescenti
1156 3874 1290 3941 Phaedriae,
1311 3873 1358 3948 qui
1401 3880 1402 3884 ’

334 3951 520 4008 citharirlriam
535 3965 716 4011 mercaretur:
737 3951 829 4027 &jam
851 3952 1113 4029 perieratpecunia·:
1134 3970 1292 4030 quamtum
1315 3968 1357 4005 re·

333 4027 449 4103 poscunt
462 4029 542 4098 senes,
554 4028 718 4106 sycophanta
728 4032 820 4107 prodit
832 4032 1008 4089 Chremetem
1022 4032 1094 4107 apud
1110 4032 1264 4097 uxorem&
1277 4027 1360 4084 docet

237 4139 239 4142 ·
333 4105 467 4164 consuesse
488 4126 551 4164 curn
571 4109 625 4166 alta
647 4108 767 4185 quadam
780 4104 904 4185 peregre,
923 4107 1054 4185 smulque
1073 4112 1210 4183 impetrat,
1233 4123 1261 4163 ut
1283 4106 1361 4164 Phre-

332 4185 402 4260 driae
412 4184 439 4241 id
451 4200 594 4262 argentum
607 4185 786 4257 condonetur.
800 4186 897 4261 Estque
911 4184 1025 4243 ridicula
1037 4185 1187 4243 admodum
1201 4184 1360 4263 severioris

333 4281 405 4340 pars,
424 4262 471 4321 ubi
492 4263 590 4321 mulier
610 4265 740 4324 maritum
763 4262 900 4343 objurgat,
921 4264 1018 4343 parlim
1043 4282 1193 4327 memorem
1216 4264 1277 4400 idle}
1294 4259 1360 4396 {u}
