2892 4775
538 109 1175 226 anonaeomann

305 341 310 351 ·
415 288 1293 434 mmnmsuwncammmmo

386 547 390 556 .
418 497 486 558 UM
506 497 643 574 prodiisset
654 518 727 558 anno
741 500 841 561 abhinc
851 503 909 564 lere
919 506 1032 584 septimo
1043 509 1202 588 Terentina,
1224 521 1368 588 dudliliimi

385 569 390 579 '
429 576 481 654 piri
491 574 608 654 Philippi
621 576 843 640 Melanchtltonis
854 587 938 661 operi
949 588 1143 671 diligendique
1153 599 1295 674 restitutus,
1313 606 1369 665 und

340 649 408 712 cum'
425 656 591 730 argumentis
608 652 728 728 ejusdem
749 663 774 716 aa
796 663 1046 734 annotatiunculiar
1073 691 1127 730 nora
1152 677 1288 739 mehercle
1310 684 1368 744 diei

338 733 434 873 potest,
455 749 590 810 quantum
604 735 657 794 boc
678 735 791 798 nornine
812 739 901 800 statim
923 747 1115 820 gratulandum
1135 753 1252 815 studiosae
1268 763 1368 820 'omui-

360 830 375 868 u

377 831 388 868 t
400 812 574 872 existimarim
587 813 700 890 :idque
709 813 772 890 jure
785 815 855 875 adeo
868 837 901 878 ac
915 821 1022 904 merito.
1064 827 1203 889 Videbam
1216 837 1289 896 enim
1303 837 1367 899 iore

332 886 425 970 brevi,
450 905 480 948 ut
502 895 620 968 optimus
634 893 791 953 Latinitatis
807 895 926 968 Antinoi,
948 903 1155 978 qui'innumeria
1178 911 1242 971 antri
1259 917 1366 978 mendic

337 966 468 1039 scatebat,
489 988 560 1026 nunc
574 967 654 1047 partiti
664 971 817 1050 castigatior
828 974 924 1049 majori
938 999 1000 1041 curn
1020 983 1170 1062 voluptate,
1191 1005 1274 1068 atque
1291 993 1367 1054 adea

336 1048 441 1122 majore
459 1066 523 1106 cunt
536 1046 624 1106 fructu
638 1051 721 1126 quint
735 1053 827 1124 antei,
839 1051 865 1113 ,ai
877 1055 1064 1136 ludimagistris
1086 1066 1209 1140 pueritiae
1231 1072 1364 1152 praelege-

243 1166 245 1169 -
335 1140 420 1184 retur.
461 1127 532 1204 Qtae
545 1126 614 1185 adeti
627 1147 681 1186 non
702 1129 799 1190 fefellit
818 1131 982 1208 mnjeetura,
1010 1154 1040 1197 ut
1060 1139 1187 1203 dillradlia
1202 1163 1304 1226 magno
1317 1155 1364 1212 131.

334 1203 517 1340 pll'iopolarutn
542 1205 691 1265 commodo
722 1210 932 1286 exemplaribus,
970 1217 1055 1275 rursus
1080 1222 1179 1282 excudi
1199 1243 1304 1303 emptus
1328 1231 1363 1292 fit

374 1281 555 1362 irtembergae,
579 1282 675 1344 moxi
691 1285 797 1360 Joanne
811 1287 921 1349 Secerio
936 1293 1077 1372 Haganoae
1093 1320 1103 1359 a
1122 1298 1178 1376 prist
1191 1305 1274 1364 etiam
1296 1309 1363 1368 No-

333 1357 501 1442 rimbergae;
522 1359 653 1440 praeterea
675 1364 749 1442 apud
774 1365 918 1426 Coloniam
945 1371 1137 1450 Agrippinam,
1164 1381 1200 1440 ab
1223 1383 1363 1448 Euchafio

334 1435 454 1517 primurn
469 1443 659 1508 &tricorpor
690 1443 792 1502 iterlrtn
811 1441 834 1503 ri
848 1447 952 1522 Joanne
971 1453 1065 1510 Sotere
1080 1476 1090 1520 ς
1117 1456 1197 1516 tertio
1211 1459 1362 1536 deniqoea

331 1519 602 1610 JoanneGyrnnico,
626 1521 685 1578 viro
697 1522 815 1600 optimo,
845 1527 955 1584 &milti
971 1545 1063 1588 vetere
1083 1537 1272 1608 neceffitudine
1293 1561 1361 1606 con.

327 1600 513 1674 Junllillimor
534 1597 569 1655 ad
582 1601 640 1656 haeu
662 1597 820 1676 Moguntiaa
834 1601 979 1680 ‘aliquoties
1000 1612 1025 1666 δε
1048 1611 1248 1689 Argentoraria
1270 1637 1299 1678 ut
1321 1624 1359 1682 de

331 1669 433 1736 caeter'is
449 1692 562 1737 taceam.
604 1677 717 1736 Interim
731 1677 794 1737 clrnt
807 1679 860 1754 ipse
872 1700 982 1760 quoque
993 1705 1055 1746 eum
1070 1691 1224 1754 Aurhofem
1240 1698 1356 1761 stadios„

330 1756 490 1833 quibusdam
512 1753 691 1816 enarrandum
712 1756 886 1835 suscepiliem,
910 1759 974 1820 seni
994 1767 1103 1826 tandem
1130 1769 1160 1828 id
1181 1775 1256 1850 quod
1281 1795 1352 1851 erat,

330 1829 575 1894 Melancbthoncm
589 1836 754 1913 gravioribus
767 1837 844 1894 rebus
863 1857 1036 1916 occupatum,
1060 1863 1144 1924 utque
1155 1850 1221 1928 'ipse
1244 1873 1293 1930 pm
1306 1857 1354 1918 sua

277 1937 282 1944 ·
331 1912 471 1982 modestia,
482 1910 596 1990 ingenuit
607 1913 716 1982 fatetur,
732 1917 866 1974 veteribus
882 1923 1011 1996 exemplis
1022 1924 1093 1981 haud
1107 1926 1169 1986 sutis
1183 1931 1352 2004 instrudlum,

330 2010 386 2048 non
405 1991 440 2049 ab
452 1992 576 2050 omnibus
590 1991 701 2050 omuino
719 1992 824 2052 mendis
840 1995 917 2069 (absit
939 1997 1042 2063 invidia
1052 2001 1135 2076 didio)
1148 2010 1258 2080 'cornici
1273 2013 1356 2074 nostri

318 2069 438 2131 ‘fabulas
451 2070 588 2130 vindicate
602 2070 725 2148 potnilse.
766 2073 804 2132 Et
818 2071 877 2146 jam
902 2094 949 2151 per
964 2091 1051 2138 totam
1064 2101 1150 2160 prope
1171 2085 1354 2152 Germaniam

330 2138 495 2208 riullafacile
509 2166 605 2226 praeter
627 2149 744 2226 Philippi
763 2153 928 2228 exemplaria
946 2157 1140 2232 probabantur,
1170 2181 1217 2224 aut
1230 2168 1355 2229 manibus

330 2221 608 2302 lindioliejuventutia
623 2228 786 2287 terebantur.
827 2229 861 2288 Id
875 2233 968 2292 eximii
982 2237 1031 2294 viri
1056 2240 1198 2300 auctoritas
1221 2245 1354 2321 effecerit,

241 2287 255 2314 ⁸
331 2325 366 2364 an
380 2305 435 2381 ipsa
449 2325 490 2363 res
504 2320 587 2384 atque
601 2307 702 2364 utilitas
720 2305 870 2379 extorserit,
895 2311 961 2367 nihil
982 2314 1072 2374 babeo
1085 2317 1183 2378 dicere.
1224 2323 1293 2403 Qae
1304 2345 1354 2385 nos

329 2383 442 2463 quidem
455 2404 496 2442 res
516 2383 635 2462 primltm
655 2388 752 2459 movit,
780 2404 810 2445 ut
830 2389 980 2467 perquifitia
1003 2396 1119 2473 antiquis
1142 2404 1352 2479 exemplaribus,

330 2462 557 2541 &manuscriptin
577 2469 601 2521 dr
620 2465 757 2541 imprelsts,
778 2464 852 2525 locor
869 2468 998 2544 plurimos
1020 2472 1190 2552 depravatos,
1213 2500 1280 2557 quos
1305 2484 1353 2543 ille

329 2541 515 2600 inemendatos
533 2542 686 2620 reliquerat,
715 2546 852 2621 corrigere
873 2564 1041 2610 conarentur.
1086 2554 1160 2631 Qid
1189 2560 1352 2621 notlradilj.

351 2622 424 2678 entia
433 2620 566 2680 consecuti
578 2620 668 2691 status,
691 2622 807 2681 aliorum
826 2625 879 2681 esto
888 2623 1032 2699 judicium.
1073 2632 1138 2691 Hoc
1151 2631 1223 2693 certe
1232 2637 1296 2711 jure
1306 2642 1351 2696 af.

329 2639 437 2757 irmare
446 2698 518 2774 posse
528 2698 631 2767 videor,
649 2720 683 2757 ex
696 2700 822 2779 impreliis
831 2704 933 2759 nullutn
944 2706 1045 2782 uspiam
1054 2727 1145 2768 extare
1159 2714 1241 2772 bodie
1255 2736 1351 2775 exem-

249 2762 254 2771 ’
329 2778 399 2855 plar,
417 2797 473 2854 quo
486 2778 513 2835 in
526 2779 675 2855 exemplari
695 2780 785 2859 plures¹
804 2778 857 2837 loci
876 2784 987 2841 corretli
1009 2786 1066 2853 lint,
1089 2785 1170 2863 quam
1186 2794 1212 2850 in
1227 2794 1351 2873 eoquod

330 2875 380 2915 nos
389 2855 536 2933 aliquando
554 2857 581 2914 in
592 2855 731 2934 publicum
746 2857 835 2915 daturi
849 2857 947 2921 sumus.
986 2860 1021 2921 Id
1039 2864 1078 2921 ita
1097 2867 1147 2923 else
1164 2868 1226 2927 cbrn
1240 2891 1292 2942 ret,
1319 2895 1352 2935 ut

352 2951 412 3005 uto,
431 2932 578 3003 testabitur,
608 2952 667 2993 tum
680 2934 766 2993 editio
779 2936 845 2993 olim
858 2938 954 3007 nostra,
990 2940 1008 2998 fi
1031 2960 1093 3001 cunr
1110 2946 1167 3003 aliie
1181 2948 1347 3011 conferatur.

330 2953 440 3070 iterim
454 3011 481 3070 vi
503 3010 606 3071 summa
621 3011 797 3089 jampridem,
819 3030 903 3091 atque
925 3020 1000 3077 omni
1023 3038 1086 3097 ope,
1110 3024 1213 3101 &plus
1236 3026 1351 3089 demum

329 3086 413 3166 quim
427 3110 476 3167 pro
490 3091 559 3149 virili
576 3108 663 3168 parte,
685 3107 715 3149 ut
732 3093 855 3150 omnium
868 3110 931 3151 ante
949 3114 999 3154 nos
1022 3101 1234 3175 recognitionem
1256 3108 1352 3165 vince.

329 3188 429 3238 remus,
450 3168 646 3227 admittendum
669 3170 738 3227 milti
760 3172 918 3231 existimavi.
959 3174 1073 3233 Interim
1094 3182 1166 3237 locus
1188 3180 1350 3257 plurimos&

330 3247 407 3304 nobis
424 3262 525 3323 quanta
542 3247 619 3305 licuit
641 3266 703 3305 cum
725 3248 778 3306 lide
800 3250 978 3325 &religione
1000 3268 1057 3311 turn
1079 3255 1229 3333 diligentia,
1251 3262 1346 3335 studio,

329 3322 421 3383 labore
434 3325 582 3401 castigator,
602 3326 776 3403 pristinoque,
797 3344 827 3385 ur
839 3329 946 3404 opinor,
962 3331 1051 3400 nitori,
1072 3334 1271 3419 integritatique
1284 3340 1358 3399 red-'

328 3400 401 3459 ditor
419 3402 615 3477 publicavimus
630 3424 639 3467 ;
659 3404 808 3481 &quidem
828 3408 900 3462 nullo
913 3407 1015 3480 majore
1030 3410 1174 3471 verborum
1189 3434 1319 3493 apparatu
1335 3442 1346 3487 ς

327 3480 558 3557 quandoquidem,
569 3497 599 3539 ut
612 3480 656 3539 ilie
668 3482 742 3539 canit
756 3504 765 3547 ς
787 3484 891 3540 Ornarr'
904 3506 945 3543 res
954 3488 1008 3561 ipsa
1021 3505 1107 3564 negat,
1119 3496 1242 3551 'contenta
1253 3500 1347 3554 doceri,

328 3556 443 3635 Qod'st
462 3558 541 3615 laude
554 3560 651 3626 merita
671 3561 718 3636 qui
734 3578 816 3617 unum
829 3562 978 3620 alterumve
991 3566 1018 3623 in
1032 3569 1140 3627 audlore
1163 3572 1294 3649 quopiam
1313 3578 1348 3634 il-

330 3638 451 3702 lustrant,
472 3652 519 3695 aut
532 3640 782 3705 restituuntlocurn,
807 3657 861 3695 non
875 3639 1042 3714 fraudantur,
1063 3664 1109 3703 cur
1129 3666 1182 3705 non
1201 3649 1256 3725 ipse
1276 3672 1347 3729 quo.

327 3735 382 3792 que
396 3703 498 3791 lpe'rem
519 3715 672 3777 nonnullam
700 3734 746 3771 me
767 3714 784 3775 ὲ
804 3716 921 3775 lludiolta
945 3723 1059 3797 gratiam
1077 3723 1213 3797 initurum,
1234 3730 1281 3806 qui
1304 3746 1348 3793 tot

223 3844 227 3853 ,
328 3792 356 3849 in
371 3795 505 3850 Terentio
525 3793 597 3851 locos
621 3792 727 3851 fortaiie
750 3814 804 3853 non
828 3794 918 3873 inepte
934 3800 1045 3873 prorius,
1066 3802 1208 3881 diligenter
1221 3806 1345 3883 quidem,

326 3874 351 3927 δι
375 3890 474 3947 magna
493 3890 559 3928 cura
581 3884 656 3929 certe
680 3876 715 3929 ab
735 3872 858 3932 omnibus
882 3876 987 3934 mendis
1005 3880 1126 3958 vitiisque
1152 3888 1346 3961 repurgarimi
1373 3894 1375 3898 ’

326 3944 449 4005 Tantetli
465 3949 535 4006 baud
550 3947 611 4009 stne
631 3949 838 4020 diffimulavem
868 3951 969 4011 haerere
991 3956 1076 4032 ipsum
1092 3977 1137 4016 me
1160 3962 1292 4041 plerisque
1318 3968 1347 4026 in

324 4023 400 4096 locis,
427 4027 599 4103 &quadam
626 4027 770 4105 dequibus
789 4048 883 4107 parum
904 4030 993 4091 adhuc
1012 4036 1124 4112 liqueat,
1144 4041 1296 4115 ampliare:
1319 4050 1347 4104 dt

324 4103 431 4180 quid‘iu
450 4106 491 4161 liis
504 4108 666 4181 potiffimum
679 4108 782 4184 icquar,
804 4108 953 4167 hauddum
974 4116 1143 4187 exploratum
1163 4116 1223 4177 satia
1247 4121 1347 4180 habere

325 4178 354 4256 in
381 4197 454 4259 tauta
477 4184 622 4259 praesertim
646 4188 843 4264 exemplarium
865 4190 1049 4275 antiquorum,
1070 4192 1133 4254 citur
1147 4194 1348 4277 dillentione&

1277 4282 1284 4297 '
1297 4274 1350 4355 dist
