<?xml version="1.0" encoding="UTF-8"?>
<!DOCTYPE html PUBLIC "-//W3C//DTD XHTML 1.0 Transitional//EN"
    "http://www.w3.org/TR/xhtml1/DTD/xhtml1-transitional.dtd">
<html xmlns="http://www.w3.org/1999/xhtml" xml:lang="en" lang="en">
 <head>
  <title>
</title>
<meta http-equiv="Content-Type" content="text/html;charset=utf-8" />
  <meta name='ocr-system' content='tesseract 3.04.00' />
  <meta name='ocr-capabilities' content='ocr_page ocr_carea ocr_par ocr_line ocrx_word'/>
</head>
<body>
  <div class='ocr_page' id='page_1' title='image "./pterentiicartha00camugoog/pterentiicartha00camugoog_0082.png"; bbox 0 0 2892 4775; ppageno 0'>
   <div class='ocr_carea' id='block_1_1' title="bbox 145 114 229 189">
    <p class='ocr_par' dir='ltr' id='par_1_1' title="bbox 145 114 229 189">
     <span class='ocr_line' id='line_1_1' title="bbox 145 114 229 189; baseline 0 0"><span class='ocrx_word' id='word_1_1' title='bbox 145 114 229 189; x_wconf 51' lang='lat' dir='ltr'>¹lxxii</span> 
     </span>
    </p>
   </div>
   <div class='ocr_carea' id='block_1_2' title="bbox 494 98 1136 183">
    <p class='ocr_par' dir='ltr' id='par_1_2' title="bbox 494 98 1136 183">
     <span class='ocr_line' id='line_1_2' title="bbox 494 98 1136 183; baseline -0.006 0"><span class='ocrx_word' id='word_1_2' title='bbox 494 98 1136 183; x_wconf 78' lang='lat' dir='ltr'>PROLEGOMENA</span> 
     </span>
    </p>
   </div>
   <div class='ocr_carea' id='block_1_3' title="bbox 305 222 1337 1408">
    <p class='ocr_par' dir='ltr' id='par_1_3' title="bbox 305 222 1337 1408">
     <span class='ocr_line' id='line_1_3' title="bbox 345 222 1335 311; baseline -0.006 -16"><span class='ocrx_word' id='word_1_3' title='bbox 345 222 446 311; x_wconf 80' lang='lat' dir='ltr'>ltaque</span> <span class='ocrx_word' id='word_1_4' title='bbox 454 227 491 289; x_wconf 85' lang='lat' dir='ltr'>ud</span> <span class='ocrx_word' id='word_1_5' title='bbox 504 248 569 289; x_wconf 92' lang='lat' dir='ltr'>eutn</span> <span class='ocrx_word' id='word_1_6' title='bbox 578 225 681 287; x_wconf 80' lang='lat' dir='ltr'>uersum</span> <span class='ocrx_word' id='word_1_7' title='bbox 692 226 758 286; x_wconf 82' lang='lat' dir='ltr'>cbm</span> <span class='ocrx_word' id='word_1_8' title='bbox 767 224 1066 300; x_wconf 65' lang='lat' dir='ltr'>semimutilatam,</span> <span class='ocrx_word' id='word_1_9' title='bbox 1079 244 1198 308; x_wconf 78' lang='lat' dir='ltr'>aeques</span> <span class='ocrx_word' id='word_1_10' title='bbox 1238 227 1335 289; x_wconf 84' lang='lat' dir='ltr'>osoero</span> 
     </span>
     <span class='ocr_line' id='line_1_4' title="bbox 307 304 1334 389; baseline -0.004 -18"><span class='ocrx_word' id='word_1_11' title='bbox 307 312 392 371; x_wconf 85' lang='lat' dir='ltr'>vellet</span> <span class='ocrx_word' id='word_1_12' title='bbox 417 306 698 389; x_wconf 79' lang='lat' dir='ltr'>proceleusmaticum,</span> <span class='ocrx_word' id='word_1_13' title='bbox 757 307 850 365; x_wconf 90' lang='lat' dir='ltr'>emin</span> <span class='ocrx_word' id='word_1_14' title='bbox 873 304 1047 383; x_wconf 80' lang='lat' dir='ltr'>ssu&#39;slegibus</span> <span class='ocrx_word' id='word_1_15' title='bbox 1069 325 1125 367; x_wconf 90' lang='lat' dir='ltr'>oon</span> <span class='ocrx_word' id='word_1_16' title='bbox 1150 325 1183 365; x_wconf 86' lang='lat' dir='ltr'>eo</span> <span class='ocrx_word' id='word_1_17' title='bbox 1225 307 1334 381; x_wconf 81' lang='lat' dir='ltr'>&#39;tuiiset‚</span> 
     </span>
     <span class='ocr_line' id='line_1_5' title="bbox 306 380 1336 476; baseline -0.004 -27"><span class='ocrx_word' id='word_1_18' title='bbox 306 396 332 449; x_wconf 72' lang='grc' dir='ltr'>δι</span> <span class='ocrx_word' id='word_1_19' title='bbox 345 380 609 467; x_wconf 70' lang='lat' dir='ltr'>putaretduriusculi</span> <span class='ocrx_word' id='word_1_20' title='bbox 629 384 698 455; x_wconf 84' lang='lat' dir='ltr'>fieri,</span> <span class='ocrx_word' id='word_1_21' title='bbox 748 384 892 459; x_wconf 63' lang='lat' dir='ltr'>abolitum</span> <span class='ocrx_word' id='word_1_22' title='bbox 903 383 1045 475; x_wconf 72' lang='lat' dir='ltr'>digamma</span> <span class='ocrx_word' id='word_1_23' title='bbox 1057 384 1218 476; x_wconf 78' lang='lat' dir='ltr'>auferretur,</span> <span class='ocrx_word' id='word_1_24' title='bbox 1241 400 1272 447; x_wconf 92' lang='lat' dir='ltr'>ut</span> <span class='ocrx_word' id='word_1_25' title='bbox 1285 400 1336 446; x_wconf 78' lang='lat' dir='ltr'>eu·</span> 
     </span>
     <span class='ocr_line' id='line_1_6' title="bbox 306 462 1335 624; baseline 0 -21"><span class='ocrx_word' id='word_1_26' title='bbox 306 462 1115 624; x_wconf 54' lang='lat' dir='ltr'>siisffsffiiiiis‘yssiihiiiisi&#39;oiiiff‘iffiii}</span> <span class='ocrx_word' id='word_1_27' title='bbox 1134 462 1335 603; x_wconf 49' lang='lat' dir='ltr'>iiiiii-i</span> 
     </span>
     <span class='ocr_line' id='line_1_7' title="bbox 308 616 1334 705; baseline -0.003 -20"><span class='ocrx_word' id='word_1_28' title='bbox 308 626 448 705; x_wconf 75' lang='lat' dir='ltr'>postremis</span> <span class='ocrx_word' id='word_1_29' title='bbox 461 621 597 681; x_wconf 73' lang='lat' dir='ltr'>vocalibus</span> <span class='ocrx_word' id='word_1_30' title='bbox 607 639 661 679; x_wconf 91' lang='lat' dir='ltr'>una</span> <span class='ocrx_word' id='word_1_31' title='bbox 673 618 776 695; x_wconf 81' lang='lat' dir='ltr'>syllaba</span> <span class='ocrx_word' id='word_1_32' title='bbox 797 635 925 679; x_wconf 84' lang='lat' dir='ltr'>concreta</span> <span class='ocrx_word' id='word_1_33' title='bbox 944 618 1020 679; x_wconf 81' lang='lat' dir='ltr'>esset.</span> <span class='ocrx_word' id='word_1_34' title='bbox 1061 616 1169 679; x_wconf 76' lang='lat' dir='ltr'>verum</span> <span class='ocrx_word' id='word_1_35' title='bbox 1183 634 1214 681; x_wconf 92' lang='lat' dir='ltr'>ut</span> <span class='ocrx_word' id='word_1_36' title='bbox 1224 638 1334 695; x_wconf 87' lang='lat' dir='ltr'>natura,</span> 
     </span>
     <span class='ocr_line' id='line_1_8' title="bbox 308 694 1336 770; baseline -0.003 -7"><span class='ocrx_word' id='word_1_37' title='bbox 308 706 349 763; x_wconf 81' lang='lat' dir='ltr'>ita</span> <span class='ocrx_word' id='word_1_38' title='bbox 362 704 389 762; x_wconf 90' lang='lat' dir='ltr'>io</span> <span class='ocrx_word' id='word_1_39' title='bbox 403 720 460 761; x_wconf 89' lang='lat' dir='ltr'>arte</span> <span class='ocrx_word' id='word_1_40' title='bbox 472 700 541 761; x_wconf 82' lang='lat' dir='ltr'>illiue</span> <span class='ocrx_word' id='word_1_41' title='bbox 550 698 696 759; x_wconf 79' lang='lat' dir='ltr'>imitatrice</span> <span class='ocrx_word' id='word_1_42' title='bbox 710 696 864 756; x_wconf 84' lang='lat' dir='ltr'>faciendum</span> <span class='ocrx_word' id='word_1_43' title='bbox 875 694 1008 767; x_wconf 84' lang='lat' dir='ltr'>nobisesl,</span> <span class='ocrx_word' id='word_1_44' title='bbox 1023 696 1264 770; x_wconf 59' lang='lat' dir='ltr'>sibilationem,</span> <span class='ocrx_word' id='word_1_45' title='bbox 1286 716 1336 760; x_wconf 83' lang='lat' dir='ltr'>not</span> 
     </span>
     <span class='ocr_line' id='line_1_9' title="bbox 308 774 1335 858; baseline -0.005 -15"><span class='ocrx_word' id='word_1_46' title='bbox 308 776 441 858; x_wconf 72' lang='lat' dir='ltr'>superfluis</span> <span class='ocrx_word' id='word_1_47' title='bbox 454 796 545 857; x_wconf 87' lang='lat' dir='ltr'>agere.</span> <span class='ocrx_word' id='word_1_48' title='bbox 585 778 660 856; x_wconf 85' lang='lat' dir='ltr'>Ergo</span> <span class='ocrx_word' id='word_1_49' title='bbox 674 791 704 835; x_wconf 93' lang='lat' dir='ltr'>ut</span> <span class='ocrx_word' id='word_1_50' title='bbox 717 777 819 835; x_wconf 83' lang='lat' dir='ltr'>constet</span> <span class='ocrx_word' id='word_1_51' title='bbox 830 775 901 834; x_wconf 89' lang='lat' dir='ltr'>ratio</span> <span class='ocrx_word' id='word_1_52' title='bbox 914 774 1094 847; x_wconf 81' lang='lat' dir='ltr'>dimensionis,</span> <span class='ocrx_word' id='word_1_53' title='bbox 1107 775 1126 833; x_wconf 86' lang='lat' dir='ltr'>fi</span> <span class='ocrx_word' id='word_1_54' title='bbox 1139 777 1251 854; x_wconf 74' lang='lat' dir='ltr'>recipias</span> <span class='ocrx_word' id='word_1_55' title='bbox 1270 796 1335 855; x_wconf 87' lang='lat' dir='ltr'>pro-</span> 
     </span>
     <span class='ocr_line' id='line_1_10' title="bbox 311 853 1336 931; baseline 0 -14"><span class='ocrx_word' id='word_1_56' title='bbox 311 860 541 927; x_wconf 79' lang='lat' dir='ltr'>celeusmaticum,</span> <span class='ocrx_word' id='word_1_57' title='bbox 563 875 646 915; x_wconf 86' lang='lat' dir='ltr'>unum</span> <span class='ocrx_word' id='word_1_58' title='bbox 669 853 775 914; x_wconf 74' lang='lat' dir='ltr'>tantum</span> <span class='ocrx_word' id='word_1_59' title='bbox 793 854 907 925; x_wconf 86' lang='lat' dir='ltr'>moliris,</span> <span class='ocrx_word' id='word_1_60' title='bbox 935 854 999 913; x_wconf 76' lang='lat' dir='ltr'>cum</span> <span class='ocrx_word' id='word_1_61' title='bbox 1023 856 1093 913; x_wconf 84' lang='lat' dir='ltr'>tollis</span> <span class='ocrx_word' id='word_1_62' title='bbox 1111 854 1262 931; x_wconf 79' lang='lat' dir='ltr'>digamma.</span> <span class='ocrx_word' id='word_1_63' title='bbox 1305 858 1336 917; x_wconf 86' lang='lat' dir='ltr'>Si</span> 
     </span>
     <span class='ocr_line' id='line_1_11' title="bbox 305 931 1336 1012; baseline -0.002 -15"><span class='ocrx_word' id='word_1_64' title='bbox 305 938 387 997; x_wconf 88' lang='lat' dir='ltr'>malis</span> <span class='ocrx_word' id='word_1_65' title='bbox 400 936 613 1005; x_wconf 67' lang='lat' dir='ltr'>tribrachum&amp;</span> <span class='ocrx_word' id='word_1_66' title='bbox 626 934 679 993; x_wconf 83' lang='lat' dir='ltr'>lios</span> <span class='ocrx_word' id='word_1_67' title='bbox 694 933 745 993; x_wconf 90' lang='lat' dir='ltr'>tibi</span> <span class='ocrx_word' id='word_1_68' title='bbox 755 932 829 991; x_wconf 90' lang='lat' dir='ltr'>idem</span> <span class='ocrx_word' id='word_1_69' title='bbox 842 931 993 990; x_wconf 82' lang='lat' dir='ltr'>curandum</span> <span class='ocrx_word' id='word_1_70' title='bbox 1005 932 1052 1004; x_wconf 82' lang='lat' dir='ltr'>eil,</span> <span class='ocrx_word' id='word_1_71' title='bbox 1074 946 1103 991; x_wconf 91' lang='lat' dir='ltr'>ut</span> <span class='ocrx_word' id='word_1_72' title='bbox 1115 932 1212 992; x_wconf 84' lang='lat' dir='ltr'>tollas:</span> <span class='ocrx_word' id='word_1_73' title='bbox 1234 938 1258 993; x_wconf 79' lang='lat' dir='ltr'>se</span> <span class='ocrx_word' id='word_1_74' title='bbox 1265 952 1336 1012; x_wconf 82' lang='lat' dir='ltr'>prae-</span> 
     </span>
     <span class='ocr_line' id='line_1_12' title="bbox 309 1008 1333 1087; baseline -0.003 -11"><span class='ocrx_word' id='word_1_75' title='bbox 309 1031 385 1076; x_wconf 87' lang='lat' dir='ltr'>terea</span> <span class='ocrx_word' id='word_1_76' title='bbox 398 1014 504 1073; x_wconf 88' lang='lat' dir='ltr'>duabus</span> <span class='ocrx_word' id='word_1_77' title='bbox 517 1012 643 1071; x_wconf 83' lang='lat' dir='ltr'>confertis</span> <span class='ocrx_word' id='word_1_78' title='bbox 656 1010 763 1087; x_wconf 81' lang='lat' dir='ltr'>syllabis</span> <span class='ocrx_word' id='word_1_79' title='bbox 773 1009 939 1069; x_wconf 86' lang='lat' dir='ltr'>obscuranda</span> <span class='ocrx_word' id='word_1_80' title='bbox 947 1010 1047 1069; x_wconf 87' lang='lat' dir='ltr'>oratio.</span> <span class='ocrx_word' id='word_1_81' title='bbox 1086 1008 1164 1069; x_wconf 84' lang='lat' dir='ltr'>Nem</span> <span class='ocrx_word' id='word_1_82' title='bbox 1177 1008 1197 1069; x_wconf 83' lang='lat' dir='ltr'>fi</span> <span class='ocrx_word' id='word_1_83' title='bbox 1209 1012 1279 1071; x_wconf 85' lang='lat' dir='ltr'>nibil</span> <span class='ocrx_word' id='word_1_84' title='bbox 1290 1022 1333 1074; x_wconf 52' lang='lat' dir='ltr'>re:</span> 
     </span>
     <span class='ocr_line' id='line_1_13' title="bbox 308 1086 1336 1173; baseline -0.004 -20"><span class='ocrx_word' id='word_1_85' title='bbox 308 1094 363 1154; x_wconf 88' lang='lat' dir='ltr'>sert</span> <span class='ocrx_word' id='word_1_86' title='bbox 376 1088 570 1173; x_wconf 86' lang='lat' dir='ltr'>pronuntie&#39;sne</span> <span class='ocrx_word' id='word_1_87' title='bbox 590 1094 708 1161; x_wconf 80' lang='lat' dir='ltr'>invidia,</span> <span class='ocrx_word' id='word_1_88' title='bbox 728 1109 763 1149; x_wconf 89' lang='lat' dir='ltr'>an</span> <span class='ocrx_word' id='word_1_89' title='bbox 777 1091 884 1160; x_wconf 77' lang='lat' dir='ltr'>invida,</span> <span class='ocrx_word' id='word_1_90' title='bbox 905 1086 971 1167; x_wconf 89' lang='lat' dir='ltr'>quid</span> <span class='ocrx_word' id='word_1_91' title='bbox 984 1088 1191 1167; x_wconf 77' lang='lat' dir='ltr'>intelligamus</span> <span class='ocrx_word' id='word_1_92' title='bbox 1219 1091 1295 1170; x_wconf 91' lang='lat' dir='ltr'>quod</span> <span class='ocrx_word' id='word_1_93' title='bbox 1315 1092 1336 1153; x_wconf 87' lang='lat' dir='ltr'>si</span> 
     </span>
     <span class='ocr_line' id='line_1_14' title="bbox 309 1166 1336 1250; baseline 0 -19"><span class='ocrx_word' id='word_1_94' title='bbox 309 1178 356 1249; x_wconf 84' lang='lat' dir='ltr'>(ac</span> <span class='ocrx_word' id='word_1_95' title='bbox 374 1173 460 1231; x_wconf 89' lang='lat' dir='ltr'>uerius</span> <span class='ocrx_word' id='word_1_96' title='bbox 472 1169 584 1250; x_wconf 87' lang='lat' dir='ltr'>quidem</span> <span class='ocrx_word' id='word_1_97' title='bbox 598 1166 644 1239; x_wconf 88' lang='lat' dir='ltr'>esl)</span> <span class='ocrx_word' id='word_1_98' title='bbox 675 1169 714 1227; x_wconf 90' lang='lat' dir='ltr'>ita</span> <span class='ocrx_word' id='word_1_99' title='bbox 737 1168 953 1245; x_wconf 79' lang='lat' dir='ltr'>pronuntiemus,</span> <span class='ocrx_word' id='word_1_100' title='bbox 978 1182 1008 1225; x_wconf 92' lang='lat' dir='ltr'>ut</span> <span class='ocrx_word' id='word_1_101' title='bbox 1027 1166 1102 1245; x_wconf 82' lang='lat' dir='ltr'>quali</span> <span class='ocrx_word' id='word_1_102' title='bbox 1123 1166 1219 1227; x_wconf 83' lang='lat' dir='ltr'>sonum</span> <span class='ocrx_word' id='word_1_103' title='bbox 1239 1171 1336 1231; x_wconf 81' lang='lat' dir='ltr'>conso·</span> 
     </span>
     <span class='ocr_line' id='line_1_15' title="bbox 309 1243 1337 1328; baseline -0.003 -17"><span class='ocrx_word' id='word_1_104' title='bbox 309 1253 398 1311; x_wconf 82' lang='lat' dir='ltr'>nantis</span> <span class='ocrx_word' id='word_1_105' title='bbox 410 1251 484 1328; x_wconf 88' lang='lat' dir='ltr'>prior</span> <span class='ocrx_word' id='word_1_106' title='bbox 497 1247 597 1307; x_wconf 88' lang='lat' dir='ltr'>vocalis</span> <span class='ocrx_word' id='word_1_107' title='bbox 615 1245 750 1317; x_wconf 87' lang='lat' dir='ltr'>obtineat,</span> <span class='ocrx_word' id='word_1_108' title='bbox 766 1243 826 1320; x_wconf 87' lang='lat' dir='ltr'>jam</span> <span class='ocrx_word' id='word_1_109' title='bbox 848 1264 902 1303; x_wconf 87' lang='lat' dir='ltr'>non</span> <span class='ocrx_word' id='word_1_110' title='bbox 918 1243 951 1305; x_wconf 81' lang='lat' dir='ltr'>stt</span> <span class='ocrx_word' id='word_1_111' title='bbox 974 1244 1124 1305; x_wconf 69' lang='lat' dir='ltr'>tribrachus</span> <span class='ocrx_word' id='word_1_112' title='bbox 1143 1243 1268 1323; x_wconf 82' lang='lat' dir='ltr'>amplius,</span> <span class='ocrx_word' id='word_1_113' title='bbox 1288 1248 1337 1309; x_wconf 91' lang='lat' dir='ltr'>sed</span> 
     </span>
     <span class='ocr_line' id='line_1_16' title="bbox 309 1320 1337 1408; baseline 0 -19"><span class='ocrx_word' id='word_1_114' title='bbox 309 1330 465 1408; x_wconf 76' lang='lat' dir='ltr'>unapaellus.</span> <span class='ocrx_word' id='word_1_115' title='bbox 506 1326 583 1385; x_wconf 87' lang='lat' dir='ltr'>Nam</span> <span class='ocrx_word' id='word_1_116' title='bbox 610 1326 649 1383; x_wconf 89' lang='lat' dir='ltr'>ita</span> <span class='ocrx_word' id='word_1_117' title='bbox 665 1325 838 1401; x_wconf 83' lang='lat' dir='ltr'>pronunciari</span> <span class='ocrx_word' id='word_1_118' title='bbox 858 1326 886 1381; x_wconf 88' lang='lat' dir='ltr'>in</span> <span class='ocrx_word' id='word_1_119' title='bbox 907 1320 1068 1401; x_wconf 87' lang='lat' dir='ltr'>quibusdam</span> <span class='ocrx_word' id='word_1_120' title='bbox 1090 1322 1337 1404; x_wconf 71' lang='lat' dir='ltr'>proceleusmatici·</span> 
     </span>
    </p>
   </div>
   <div class='ocr_carea' id='block_1_4' title="bbox 270 1400 986 1485">
    <p class='ocr_par' dir='ltr' id='par_1_4' title="bbox 270 1400 986 1485">
     <span class='ocr_line' id='line_1_17' title="bbox 270 1400 986 1485; baseline -0.017 -15"><span class='ocrx_word' id='word_1_121' title='bbox 270 1478 272 1485; x_wconf 39' lang='grc'>,</span> <span class='ocrx_word' id='word_1_122' title='bbox 303 1408 363 1485; x_wconf 86' lang='lat' dir='ltr'>jam</span> <span class='ocrx_word' id='word_1_123' title='bbox 373 1406 499 1475; x_wconf 82' lang='lat' dir='ltr'>diximus,</span> <span class='ocrx_word' id='word_1_124' title='bbox 519 1410 546 1464; x_wconf 80' lang='lat' dir='ltr'>se</span> <span class='ocrx_word' id='word_1_125' title='bbox 559 1422 673 1481; x_wconf 84' lang='lat' dir='ltr'>apparet</span> <span class='ocrx_word' id='word_1_126' title='bbox 685 1423 720 1462; x_wconf 82' lang='lat' dir='ltr'>ex</span> <span class='ocrx_word' id='word_1_127' title='bbox 730 1403 778 1462; x_wconf 89' lang='lat' dir='ltr'>illo</span> <span class='ocrx_word' id='word_1_128' title='bbox 790 1400 864 1461; x_wconf 86' lang='lat' dir='ltr'>uersu</span> <span class='ocrx_word' id='word_1_129' title='bbox 878 1402 986 1461; x_wconf 69' lang='lat' dir='ltr'>Posito:</span> 
     </span>
    </p>
   </div>
   <div class='ocr_carea' id='block_1_5' title="bbox 311 1478 1339 2111">
    <p class='ocr_par' dir='ltr' id='par_1_5' title="bbox 311 1478 1339 2111">
     <span class='ocr_line' id='line_1_18' title="bbox 388 1478 1028 1569; baseline -0.008 -23"><span class='ocrx_word' id='word_1_130' title='bbox 388 1486 487 1559; x_wconf 68' lang='lat' dir='ltr'>Stellio,</span> <span class='ocrx_word' id='word_1_131' title='bbox 502 1482 538 1545; x_wconf 74' lang='lat' dir='ltr'>sss</span> <span class='ocrx_word' id='word_1_132' title='bbox 553 1482 674 1560; x_wconf 74' lang='lat' dir='ltr'>lucifugis</span> <span class='ocrx_word' id='word_1_133' title='bbox 684 1486 799 1569; x_wconf 56' lang='lat' dir='ltr'>sanguia</span> <span class='ocrx_word' id='word_1_134' title='bbox 809 1480 909 1539; x_wconf 74' lang='lat' dir='ltr'>rubilia</span> <span class='ocrx_word' id='word_1_135' title='bbox 921 1478 1028 1543; x_wconf 78' lang='lat' dir='ltr'>blattis.</span> 
     </span>
     <span class='ocr_line' id='line_1_19' title="bbox 673 1558 974 1637; baseline 0.007 -20"><span class='ocrx_word' id='word_1_136' title='bbox 673 1558 710 1617; x_wconf 88' lang='lat' dir='ltr'>Et</span> <span class='ocrx_word' id='word_1_137' title='bbox 719 1560 792 1637; x_wconf 85' lang='lat' dir='ltr'>apud</span> <span class='ocrx_word' id='word_1_138' title='bbox 805 1558 974 1620; x_wconf 80' lang='lat' dir='ltr'>Horatium:</span> 
     </span>
     <span class='ocr_line' id='line_1_20' title="bbox 394 1635 881 1720; baseline -0.006 -19"><span class='ocrx_word' id='word_1_139' title='bbox 394 1642 432 1717; x_wconf 69' lang='lat' dir='ltr'>ise</span> <span class='ocrx_word' id='word_1_140' title='bbox 443 1642 579 1720; x_wconf 63' lang='lat' dir='ltr'>Nasidieni</span> <span class='ocrx_word' id='word_1_141' title='bbox 587 1642 661 1711; x_wconf 75' lang='lat' dir='ltr'>iuvi!</span> <span class='ocrx_word' id='word_1_142' title='bbox 673 1654 699 1697; x_wconf 81' lang='lat' dir='ltr'>se</span> <span class='ocrx_word' id='word_1_143' title='bbox 710 1662 787 1699; x_wconf 87' lang='lat' dir='ltr'>eoena</span> <span class='ocrx_word' id='word_1_144' title='bbox 799 1635 881 1699; x_wconf 80' lang='lat' dir='ltr'>beati.</span> 
     </span>
     <span class='ocr_line' id='line_1_21' title="bbox 349 1716 739 1785; baseline -0.023 0"><span class='ocrx_word' id='word_1_145' title='bbox 349 1722 427 1785; x_wconf 86' lang='lat' dir='ltr'>Nam</span> <span class='ocrx_word' id='word_1_146' title='bbox 442 1722 514 1780; x_wconf 89' lang='lat' dir='ltr'>idem</span> <span class='ocrx_word' id='word_1_147' title='bbox 528 1737 626 1780; x_wconf 86' lang='lat' dir='ltr'>nomen</span> <span class='ocrx_word' id='word_1_148' title='bbox 641 1716 739 1776; x_wconf 83' lang='lat' dir='ltr'>aliter:</span> 
     </span>
     <span class='ocr_line' id='line_1_22' title="bbox 389 1798 660 1879; baseline -0.03 -18"><span class='ocrx_word' id='word_1_149' title='bbox 389 1800 539 1879; x_wconf 68' lang='lat' dir='ltr'>Nasidienus</span> <span class='ocrx_word' id='word_1_150' title='bbox 548 1804 586 1858; x_wconf 85' lang='lat' dir='ltr'>ad</span> <span class='ocrx_word' id='word_1_151' title='bbox 594 1798 660 1857; x_wconf 76' lang='lat' dir='ltr'>bae.</span> 
     </span>
     <span class='ocr_line' id='line_1_23' title="bbox 350 1872 1339 1960; baseline -0.012 -20"><span class='ocrx_word' id='word_1_152' title='bbox 350 1882 443 1959; x_wconf 78' lang='lat' dir='ltr'>Quare</span> <span class='ocrx_word' id='word_1_153' title='bbox 455 1880 482 1938; x_wconf 91' lang='lat' dir='ltr'>io</span> <span class='ocrx_word' id='word_1_154' title='bbox 496 1874 686 1955; x_wconf 63' lang='lat' dir='ltr'>prioreversu,</span> <span class='ocrx_word' id='word_1_155' title='bbox 707 1885 803 1935; x_wconf 81' lang='lat' dir='ltr'>omnes</span> <span class='ocrx_word' id='word_1_156' title='bbox 813 1889 892 1936; x_wconf 89' lang='lat' dir='ltr'>eruut</span> <span class='ocrx_word' id='word_1_157' title='bbox 901 1872 1019 1955; x_wconf 72' lang='lat' dir='ltr'>spondei</span> <span class='ocrx_word' id='word_1_158' title='bbox 1030 1889 1127 1953; x_wconf 66' lang='lat' dir='ltr'>prater</span> <span class='ocrx_word' id='word_1_159' title='bbox 1135 1878 1271 1960; x_wconf 69' lang='lat' dir='ltr'>quintum,</span> <span class='ocrx_word' id='word_1_160' title='bbox 1292 1878 1339 1941; x_wconf 61' lang='lat' dir='ltr'>sig</span> 
     </span>
     <span class='ocr_line' id='line_1_24' title="bbox 311 1954 1045 2035; baseline -0.011 -14"><span class='ocrx_word' id='word_1_161' title='bbox 311 1960 385 2021; x_wconf 84' lang='lat' dir='ltr'>enim</span> <span class='ocrx_word' id='word_1_162' title='bbox 400 1957 534 2026; x_wconf 73' lang='lat' dir='ltr'>Catullus,</span> <span class='ocrx_word' id='word_1_163' title='bbox 549 1960 666 2033; x_wconf 81' lang='lat' dir='ltr'>pisuisae,</span> <span class='ocrx_word' id='word_1_164' title='bbox 688 1954 881 2029; x_wconf 82' lang='lat' dir='ltr'>primumcum</span> <span class='ocrx_word' id='word_1_165' title='bbox 895 1954 1045 2035; x_wconf 74' lang='lat' dir='ltr'>produxit:</span> 
     </span>
     <span class='ocr_line' id='line_1_25' title="bbox 391 2032 852 2111; baseline -0.002 -16"><span class='ocrx_word' id='word_1_166' title='bbox 391 2032 587 2111; x_wconf 73' lang='lat' dir='ltr'>Marcusque&amp;</span> <span class='ocrx_word' id='word_1_167' title='bbox 596 2032 667 2091; x_wconf 74' lang='lat' dir='ltr'>mla</span> <span class='ocrx_word' id='word_1_168' title='bbox 676 2037 777 2109; x_wconf 81' lang='lat' dir='ltr'>pituita</span> <span class='ocrx_word' id='word_1_169' title='bbox 786 2034 852 2111; x_wconf 79' lang='lat' dir='ltr'>nafi.</span> 
     </span>
    </p>
   </div>
   <div class='ocr_carea' id='block_1_6' title="bbox 300 2112 722 2191">
    <p class='ocr_par' dir='ltr' id='par_1_6' title="bbox 300 2112 722 2191">
     <span class='ocr_line' id='line_1_26' title="bbox 300 2112 722 2191; baseline -0.024 -13"><span class='ocrx_word' id='word_1_170' title='bbox 300 2170 302 2177; x_wconf 94' lang='lat'><em>.</em></span> <span class='ocrx_word' id='word_1_171' title='bbox 350 2116 419 2177; x_wconf 89' lang='lat' dir='ltr'>Non</span> <span class='ocrx_word' id='word_1_172' title='bbox 434 2114 563 2191; x_wconf 88' lang='lat' dir='ltr'>corripuit</span> <span class='ocrx_word' id='word_1_173' title='bbox 576 2112 722 2171; x_wconf 83' lang='lat' dir='ltr'>Horatius:</span> 
     </span>
    </p>
   </div>
   <div class='ocr_carea' id='block_1_7' title="bbox 305 2189 1345 4173">
    <p class='ocr_par' dir='ltr' id='par_1_7' title="bbox 305 2189 1341 2900">
     <span class='ocr_line' id='line_1_27' title="bbox 390 2189 799 2271; baseline -0.01 -18"><span class='ocrx_word' id='word_1_174' title='bbox 390 2192 448 2271; x_wconf 76' lang='grc' dir='ltr'>Νιβ</span> <span class='ocrx_word' id='word_1_175' title='bbox 461 2215 515 2251; x_wconf 83' lang='lat' dir='ltr'>euru</span> <span class='ocrx_word' id='word_1_176' title='bbox 544 2194 624 2250; x_wconf 84' lang='lat' dir='ltr'>isuisa</span> <span class='ocrx_word' id='word_1_177' title='bbox 637 2189 742 2267; x_wconf 80' lang='lat' dir='ltr'>molesta</span> <span class='ocrx_word' id='word_1_178' title='bbox 754 2192 799 2267; x_wconf 89' lang='grc' dir='ltr'>ιβ.</span> 
     </span>
     <span class='ocr_line' id='line_1_28' title="bbox 352 2206 1340 2354; baseline 0 -23"><span class='ocrx_word' id='word_1_179' title='bbox 352 2272 407 2331; x_wconf 84' lang='lat' dir='ltr'>Sed</span> <span class='ocrx_word' id='word_1_180' title='bbox 423 2206 587 2349; x_wconf 60' lang='lat' dir='ltr'>trisyllaium</span> <span class='ocrx_word' id='word_1_181' title='bbox 602 2266 705 2347; x_wconf 83' lang='lat' dir='ltr'>posuit:</span> <span class='ocrx_word' id='word_1_182' title='bbox 727 2270 768 2327; x_wconf 89' lang='lat' dir='ltr'>ita</span> <span class='ocrx_word' id='word_1_183' title='bbox 788 2281 819 2327; x_wconf 87' lang='lat' dir='ltr'>nt</span> <span class='ocrx_word' id='word_1_184' title='bbox 831 2268 923 2329; x_wconf 87' lang='lat' dir='ltr'>media</span> <span class='ocrx_word' id='word_1_185' title='bbox 934 2269 1015 2329; x_wconf 73' lang='lat' dir='ltr'>litere</span> <span class='ocrx_word' id='word_1_186' title='bbox 1029 2268 1171 2331; x_wconf 83' lang='lat' dir='ltr'>AEolicum</span> <span class='ocrx_word' id='word_1_187' title='bbox 1184 2269 1217 2333; x_wconf 79' lang='lat' dir='ltr'>fit</span> <span class='ocrx_word' id='word_1_188' title='bbox 1229 2270 1340 2354; x_wconf 79' lang='lat' dir='ltr'>digam-</span> 
     </span>
     <span class='ocr_line' id='line_1_29' title="bbox 312 2342 1341 2504; baseline 0 -14"><span class='ocrx_word' id='word_1_189' title='bbox 312 2370 378 2490; x_wconf 66' lang='lat' dir='ltr'>lli*</span> <span class='ocrx_word' id='word_1_190' title='bbox 398 2352 475 2490; x_wconf 68' lang='lat' dir='ltr'>iti</span> <span class='ocrx_word' id='word_1_191' title='bbox 493 2342 795 2504; x_wconf 60' lang='lat' dir='ltr'>{illunis</span> <span class='ocrx_word' id='word_1_192' title='bbox 807 2346 1341 2490; x_wconf 55' lang='lat' dir='ltr'>sustulissetis:</span> 
     </span>
     <span class='ocr_line' id='line_1_30' title="bbox 313 2504 1340 2587; baseline 0.001 -17"><span class='ocrx_word' id='word_1_193' title='bbox 313 2509 363 2570; x_wconf 88' lang='lat' dir='ltr'>bur</span> <span class='ocrx_word' id='word_1_194' title='bbox 388 2509 507 2570; x_wconf 82' lang='lat' dir='ltr'>efficeret</span> <span class='ocrx_word' id='word_1_195' title='bbox 538 2505 679 2585; x_wconf 82' lang='lat' dir='ltr'>syllabam,</span> <span class='ocrx_word' id='word_1_196' title='bbox 713 2504 885 2566; x_wconf 71' lang='lat' dir='ltr'>commodius</span> <span class='ocrx_word' id='word_1_197' title='bbox 906 2506 1062 2568; x_wconf 82' lang='lat' dir='ltr'>eonseciliet</span> <span class='ocrx_word' id='word_1_198' title='bbox 1085 2509 1116 2568; x_wconf 91' lang='lat' dir='ltr'>in</span> <span class='ocrx_word' id='word_1_199' title='bbox 1142 2512 1254 2587; x_wconf 79' lang='lat' dir='ltr'>injuria,</span> <span class='ocrx_word' id='word_1_200' title='bbox 1289 2511 1340 2572; x_wconf 90' lang='lat' dir='ltr'>illo</span> 
     </span>
     <span class='ocr_line' id='line_1_31' title="bbox 305 2587 1263 2746; baseline 0.008 -26"><span class='ocrx_word' id='word_1_201' title='bbox 305 2587 529 2745; x_wconf 53' lang='lat' dir='ltr'>,veffus2usjura</span> <span class='ocrx_word' id='word_1_202' title='bbox 551 2687 649 2746; x_wconf 81' lang='lat' dir='ltr'>quaque</span> <span class='ocrx_word' id='word_1_203' title='bbox 661 2667 762 2743; x_wconf 79' lang='lat' dir='ltr'>injuria</span> <span class='ocrx_word' id='word_1_204' title='bbox 771 2669 932 2742; x_wconf 76' lang='lat' dir='ltr'>praeripiseur</span> <span class='ocrx_word' id='word_1_205' title='bbox 945 2683 984 2725; x_wconf 78' lang='lat' dir='ltr'>ees</span> <span class='ocrx_word' id='word_1_206' title='bbox 994 2670 1023 2725; x_wconf 88' lang='lat' dir='ltr'>ise</span> <span class='ocrx_word' id='word_1_207' title='bbox 1029 2667 1167 2745; x_wconf 72' lang='lat' dir='ltr'>pistrinum</span> <span class='ocrx_word' id='word_1_208' title='bbox 1175 2663 1263 2728; x_wconf 74' lang='lat' dir='ltr'>dubis.</span> 
     </span>
     <span class='ocr_line' id='line_1_32' title="bbox 353 2741 970 2822; baseline -0.005 -16"><span class='ocrx_word' id='word_1_209' title='bbox 353 2745 419 2806; x_wconf 84' lang='lat' dir='ltr'>Sicit</span> <span class='ocrx_word' id='word_1_210' title='bbox 429 2747 455 2804; x_wconf 90' lang='lat' dir='ltr'>in</span> <span class='ocrx_word' id='word_1_211' title='bbox 464 2747 588 2822; x_wconf 81' lang='lat' dir='ltr'>perfidia,</span> <span class='ocrx_word' id='word_1_212' title='bbox 608 2741 723 2822; x_wconf 83' lang='lat' dir='ltr'>prologo</span> <span class='ocrx_word' id='word_1_213' title='bbox 738 2743 970 2818; x_wconf 80' lang='lat' dir='ltr'>Amphitruonis:</span> 
     </span>
     <span class='ocr_line' id='line_1_33' title="bbox 394 2823 1007 2900; baseline 0.005 -19"><span class='ocrx_word' id='word_1_214' title='bbox 394 2823 453 2881; x_wconf 83' lang='lat' dir='ltr'>Non</span> <span class='ocrx_word' id='word_1_215' title='bbox 464 2823 612 2894; x_wconf 80' lang='lat' dir='ltr'>ambitione,</span> <span class='ocrx_word' id='word_1_216' title='bbox 631 2843 708 2900; x_wconf 80' lang='lat' dir='ltr'>neque</span> <span class='ocrx_word' id='word_1_217' title='bbox 716 2825 838 2898; x_wconf 58' lang='lat' dir='ltr'>perfidiap</span> <span class='ocrx_word' id='word_1_218' title='bbox 856 2826 901 2899; x_wconf 86' lang='lat' dir='ltr'>qui</span> <span class='ocrx_word' id='word_1_219' title='bbox 914 2828 1007 2884; x_wconf 72' lang='lat' dir='ltr'>suiuus.</span> 
     </span>
    </p>

    <p class='ocr_par' dir='ltr' id='par_1_8' title="bbox 313 2899 1343 3213">
     <span class='ocr_line' id='line_1_34' title="bbox 351 2899 1341 2982; baseline 0.003 -22"><span class='ocrx_word' id='word_1_220' title='bbox 351 2901 387 2960; x_wconf 89' lang='lat' dir='ltr'>Id</span> <span class='ocrx_word' id='word_1_221' title='bbox 399 2901 474 2979; x_wconf 90' lang='lat' dir='ltr'>quod</span> <span class='ocrx_word' id='word_1_222' title='bbox 487 2901 522 2960; x_wconf 83' lang='lat' dir='ltr'>nd</span> <span class='ocrx_word' id='word_1_223' title='bbox 540 2901 781 2971; x_wconf 79' lang='lat' dir='ltr'>animaduertisset,</span> <span class='ocrx_word' id='word_1_224' title='bbox 802 2919 857 2960; x_wconf 89' lang='lat' dir='ltr'>nou</span> <span class='ocrx_word' id='word_1_225' title='bbox 872 2899 1009 2961; x_wconf 82' lang='lat' dir='ltr'>sustulisset</span> <span class='ocrx_word' id='word_1_226' title='bbox 1023 2920 1175 2980; x_wconf 82' lang='lat' dir='ltr'>pronomen</span> <span class='ocrx_word' id='word_1_227' title='bbox 1188 2923 1238 2976; x_wconf 82' lang='lat' dir='ltr'>see,</span> <span class='ocrx_word' id='word_1_228' title='bbox 1261 2902 1341 2982; x_wconf 86' lang='lat' dir='ltr'>quod</span> 
     </span>
     <span class='ocr_line' id='line_1_35' title="bbox 313 2976 1343 3058; baseline 0.001 -18"><span class='ocrx_word' id='word_1_229' title='bbox 313 2999 414 3058; x_wconf 70' lang='lat' dir='ltr'>magna</span> <span class='ocrx_word' id='word_1_230' title='bbox 423 2999 485 3039; x_wconf 87' lang='lat' dir='ltr'>eum</span> <span class='ocrx_word' id='word_1_231' title='bbox 499 2979 629 3058; x_wconf 83' lang='lat' dir='ltr'>emphasi,</span> <span class='ocrx_word' id='word_1_232' title='bbox 649 2997 682 3036; x_wconf 87' lang='lat' dir='ltr'>ac</span> <span class='ocrx_word' id='word_1_233' title='bbox 695 2981 769 3057; x_wconf 79' lang='lat' dir='ltr'>geslu</span> <span class='ocrx_word' id='word_1_234' title='bbox 781 2976 817 3036; x_wconf 91' lang='lat' dir='ltr'>ad</span> <span class='ocrx_word' id='word_1_235' title='bbox 833 2978 960 3038; x_wconf 85' lang='lat' dir='ltr'>timorem</span> <span class='ocrx_word' id='word_1_236' title='bbox 973 2981 1092 3058; x_wconf 83' lang='lat' dir='ltr'>persooae</span> <span class='ocrx_word' id='word_1_237' title='bbox 1105 2980 1220 3058; x_wconf 79' lang='lat' dir='ltr'>possum</span> <span class='ocrx_word' id='word_1_238' title='bbox 1231 2983 1287 3041; x_wconf 86' lang='lat' dir='ltr'>esi:</span> <span class='ocrx_word' id='word_1_239' title='bbox 1311 2987 1343 3042; x_wconf 74' lang='grc' dir='ltr'>,δι</span> 
     </span>
     <span class='ocr_line' id='line_1_36' title="bbox 313 3055 1343 3135; baseline 0.003 -17"><span class='ocrx_word' id='word_1_240' title='bbox 313 3057 439 3122; x_wconf 86' lang='lat' dir='ltr'>omnibus</span> <span class='ocrx_word' id='word_1_241' title='bbox 461 3061 488 3118; x_wconf 89' lang='lat' dir='ltr'>in</span> <span class='ocrx_word' id='word_1_242' title='bbox 507 3057 705 3135; x_wconf 82' lang='lat' dir='ltr'>exemplaribus</span> <span class='ocrx_word' id='word_1_243' title='bbox 725 3057 832 3129; x_wconf 69' lang='lat' dir='ltr'>legitur.</span> <span class='ocrx_word' id='word_1_244' title='bbox 871 3055 950 3117; x_wconf 86' lang='lat' dir='ltr'>Tolli</span> <span class='ocrx_word' id='word_1_245' title='bbox 962 3076 1055 3118; x_wconf 89' lang='lat' dir='ltr'>autem</span> <span class='ocrx_word' id='word_1_246' title='bbox 1066 3059 1208 3120; x_wconf 83' lang='lat' dir='ltr'>AEolicum</span> <span class='ocrx_word' id='word_1_247' title='bbox 1221 3061 1343 3121; x_wconf 85' lang='lat' dir='ltr'>elemen-</span> 
     </span>
     <span class='ocr_line' id='line_1_37' title="bbox 315 3128 1163 3213; baseline -0.001 -16"><span class='ocrx_word' id='word_1_248' title='bbox 315 3153 373 3197; x_wconf 87' lang='lat' dir='ltr'>tum</span> <span class='ocrx_word' id='word_1_249' title='bbox 387 3137 414 3196; x_wconf 90' lang='lat' dir='ltr'>in</span> <span class='ocrx_word' id='word_1_250' title='bbox 428 3155 461 3194; x_wconf 92' lang='lat' dir='ltr'>ea</span> <span class='ocrx_word' id='word_1_251' title='bbox 474 3155 552 3206; x_wconf 85' lang='lat' dir='ltr'>voce,</span> <span class='ocrx_word' id='word_1_252' title='bbox 574 3137 664 3213; x_wconf 82' lang='lat' dir='ltr'>palam</span> <span class='ocrx_word' id='word_1_253' title='bbox 676 3136 712 3194; x_wconf 87' lang='lat' dir='ltr'>esl</span> <span class='ocrx_word' id='word_1_254' title='bbox 721 3139 807 3194; x_wconf 86' lang='lat' dir='ltr'>etiam</span> <span class='ocrx_word' id='word_1_255' title='bbox 821 3128 898 3196; x_wconf 83' lang='lat' dir='ltr'>versu</span> <span class='ocrx_word' id='word_1_256' title='bbox 911 3137 959 3196; x_wconf 88' lang='lat' dir='ltr'>illo</span> <span class='ocrx_word' id='word_1_257' title='bbox 973 3137 1163 3198; x_wconf 84' lang='lat' dir='ltr'>Phormioniss</span> 
     </span>
    </p>

    <p class='ocr_par' dir='ltr' id='par_1_9' title="bbox 391 3217 1017 3292">
     <span class='ocr_line' id='line_1_38' title="bbox 391 3217 1017 3292; baseline -0.005 -17"><span class='ocrx_word' id='word_1_258' title='bbox 391 3217 524 3292; x_wconf 70' lang='lat' dir='ltr'>Qs&#39;saepe</span> <span class='ocrx_word' id='word_1_259' title='bbox 532 3229 636 3292; x_wconf 78' lang='lat' dir='ltr'>propser</span> <span class='ocrx_word' id='word_1_260' title='bbox 647 3217 779 3273; x_wconf 66' lang='lat' dir='ltr'>invidam</span> <span class='ocrx_word' id='word_1_261' title='bbox 790 3218 1017 3274; x_wconf 63' lang='lat' dir='ltr'>adnuntiemus.</span> 
     </span>
    </p>

    <p class='ocr_par' dir='ltr' id='par_1_10' title="bbox 312 3291 1343 3521">
     <span class='ocr_line' id='line_1_39' title="bbox 352 3291 1343 3374; baseline 0.004 -22"><span class='ocrx_word' id='word_1_262' title='bbox 352 3293 455 3372; x_wconf 84' lang='lat' dir='ltr'>Neque</span> <span class='ocrx_word' id='word_1_263' title='bbox 469 3295 542 3352; x_wconf 89' lang='lat' dir='ltr'>enim</span> <span class='ocrx_word' id='word_1_264' title='bbox 556 3294 655 3352; x_wconf 88' lang='lat' dir='ltr'>mirum</span> <span class='ocrx_word' id='word_1_265' title='bbox 670 3293 706 3350; x_wconf 83' lang='lat' dir='ltr'>est</span> <span class='ocrx_word' id='word_1_266' title='bbox 721 3292 903 3352; x_wconf 76' lang='lat' dir='ltr'>adventitiam</span> <span class='ocrx_word' id='word_1_267' title='bbox 915 3293 1023 3353; x_wconf 86' lang='lat' dir='ltr'>literam</span> <span class='ocrx_word' id='word_1_268' title='bbox 1033 3291 1070 3353; x_wconf 87' lang='lat' dir='ltr'>de</span> <span class='ocrx_word' id='word_1_269' title='bbox 1082 3292 1178 3355; x_wconf 89' lang='lat' dir='ltr'>medio</span> <span class='ocrx_word' id='word_1_270' title='bbox 1193 3295 1254 3356; x_wconf 89' lang='lat' dir='ltr'>tolli</span> <span class='ocrx_word' id='word_1_271' title='bbox 1267 3294 1343 3374; x_wconf 84' lang='lat' dir='ltr'>quusi</span> 
     </span>
     <span class='ocr_line' id='line_1_40' title="bbox 313 3370 1343 3507; baseline 0.005 -79"><span class='ocrx_word' id='word_1_272' title='bbox 313 3373 502 3507; x_wconf 80' lang='lat' dir='ltr'>peregrinatur.s</span> <span class='ocrx_word' id='word_1_273' title='bbox 535 3373 579 3432; x_wconf 87' lang='lat' dir='ltr'>Est</span> <span class='ocrx_word' id='word_1_274' title='bbox 593 3372 667 3430; x_wconf 80' lang='lat' dir='ltr'>eninr</span> <span class='ocrx_word' id='word_1_275' title='bbox 680 3375 766 3442; x_wconf 83' lang='lat' dir='ltr'>vides,</span> <span class='ocrx_word' id='word_1_276' title='bbox 788 3371 839 3431; x_wconf 74' lang='lat' dir='ltr'>ssu·</span> <span class='ocrx_word' id='word_1_277' title='bbox 860 3370 926 3430; x_wconf 86' lang='lat' dir='ltr'>licut</span> <span class='ocrx_word' id='word_1_278' title='bbox 941 3373 968 3430; x_wconf 92' lang='lat' dir='ltr'>io</span> <span class='ocrx_word' id='word_1_279' title='bbox 981 3370 1069 3433; x_wconf 86' lang='lat' dir='ltr'>uerbo</span> <span class='ocrx_word' id='word_1_280' title='bbox 1081 3381 1177 3434; x_wconf 79' lang='lat' dir='ltr'>vivs.-</span> <span class='ocrx_word' id='word_1_281' title='bbox 1200 3376 1255 3436; x_wconf 88' lang='lat' dir='ltr'>suit</span> <span class='ocrx_word' id='word_1_282' title='bbox 1268 3377 1343 3434; x_wconf 87' lang='lat' dir='ltr'>enim</span> 
     </span>
     <span class='ocr_line' id='line_1_41' title="bbox 312 3448 537 3521; baseline -0.009 -9"><span class='ocrx_word' id='word_1_283' title='bbox 312 3448 370 3521; x_wconf 73' lang='grc' dir='ltr'>βιό·</span> <span class='ocrx_word' id='word_1_284' title='bbox 390 3469 425 3510; x_wconf 93' lang='lat' dir='ltr'>eo</span> <span class='ocrx_word' id='word_1_285' title='bbox 439 3470 485 3508; x_wconf 85' lang='lat' dir='ltr'>uer</span> <span class='ocrx_word' id='word_1_286' title='bbox 498 3471 514 3508; x_wconf 92' lang='lat' dir='ltr'>u</span> <span class='ocrx_word' id='word_1_287' title='bbox 529 3472 537 3510; x_wconf 93' lang='lat'>:</span> 
     </span>
    </p>

    <p class='ocr_par' dir='ltr' id='par_1_11' title="bbox 393 3527 1029 3605">
     <span class='ocr_line' id='line_1_42' title="bbox 393 3527 1029 3605; baseline 0.005 -19"><span class='ocrx_word' id='word_1_288' title='bbox 393 3527 510 3588; x_wconf 80' lang='lat' dir='ltr'>Liberius</span> <span class='ocrx_word' id='word_1_289' title='bbox 523 3530 636 3588; x_wconf 76' lang='lat' dir='ltr'>vivendi</span> <span class='ocrx_word' id='word_1_290' title='bbox 638 3531 702 3604; x_wconf 86' lang='lat' dir='ltr'>suis</span> <span class='ocrx_word' id='word_1_291' title='bbox 710 3529 842 3605; x_wconf 78' lang='lat' dir='ltr'>pressius:</span> <span class='ocrx_word' id='word_1_292' title='bbox 864 3551 924 3588; x_wconf 78' lang='lat' dir='ltr'>uem</span> <span class='ocrx_word' id='word_1_293' title='bbox 935 3544 1029 3590; x_wconf 78' lang='lat' dir='ltr'>autea.</span> 
     </span>
    </p>

    <p class='ocr_par' dir='ltr' id='par_1_12' title="bbox 311 3605 1345 4082">
     <span class='ocr_line' id='line_1_43' title="bbox 353 3605 1343 3690; baseline 0 -22"><span class='ocrx_word' id='word_1_294' title='bbox 353 3609 423 3668; x_wconf 89' lang='lat' dir='ltr'>Puto</span> <span class='ocrx_word' id='word_1_295' title='bbox 435 3607 509 3666; x_wconf 87' lang='lat' dir='ltr'>enirn</span> <span class='ocrx_word' id='word_1_296' title='bbox 530 3627 583 3666; x_wconf 90' lang='lat' dir='ltr'>non</span> <span class='ocrx_word' id='word_1_297' title='bbox 597 3605 749 3666; x_wconf 84' lang='lat' dir='ltr'>admodum</span> <span class='ocrx_word' id='word_1_298' title='bbox 769 3622 905 3685; x_wconf 85' lang='lat' dir='ltr'>vegetam,</span> <span class='ocrx_word' id='word_1_299' title='bbox 926 3606 1141 3690; x_wconf 74' lang='lat' dir='ltr'>contentimque</span> <span class='ocrx_word' id='word_1_300' title='bbox 1155 3607 1233 3670; x_wconf 78' lang='lat' dir='ltr'>fiuiffe</span> <span class='ocrx_word' id='word_1_301' title='bbox 1256 3607 1343 3670; x_wconf 83' lang='lat' dir='ltr'>literae</span> 
     </span>
     <span class='ocr_line' id='line_1_44' title="bbox 315 3684 1345 3768; baseline 0 -22"><span class='ocrx_word' id='word_1_302' title='bbox 315 3687 384 3746; x_wconf 86' lang='lat' dir='ltr'>illius</span> <span class='ocrx_word' id='word_1_303' title='bbox 397 3687 643 3765; x_wconf 88' lang='lat' dir='ltr'>pronuntiationem</span> <span class='ocrx_word' id='word_1_304' title='bbox 657 3709 665 3743; x_wconf 77' lang='grc' dir='ltr'><strong><em>ε</em></strong></span> <span class='ocrx_word' id='word_1_305' title='bbox 685 3684 761 3744; x_wconf 85' lang='lat' dir='ltr'>sicuti</span> <span class='ocrx_word' id='word_1_306' title='bbox 774 3705 863 3764; x_wconf 90' lang='lat' dir='ltr'>neque</span> <span class='ocrx_word' id='word_1_307' title='bbox 875 3687 903 3745; x_wconf 89' lang='lat' dir='ltr'>in</span> <span class='ocrx_word' id='word_1_308' title='bbox 916 3709 977 3756; x_wconf 79' lang='lat' dir='ltr'>ow,</span> <span class='ocrx_word' id='word_1_309' title='bbox 1004 3706 1094 3768; x_wconf 87' lang='lat' dir='ltr'>oeque</span> <span class='ocrx_word' id='word_1_310' title='bbox 1107 3690 1134 3748; x_wconf 92' lang='lat' dir='ltr'>in</span> <span class='ocrx_word' id='word_1_311' title='bbox 1151 3711 1212 3760; x_wconf 80' lang='lat' dir='ltr'>uve,</span> <span class='ocrx_word' id='word_1_312' title='bbox 1235 3704 1299 3746; x_wconf 86' lang='lat' dir='ltr'>cum</span> <span class='ocrx_word' id='word_1_313' title='bbox 1311 3689 1345 3747; x_wconf 88' lang='lat' dir='ltr'>li·</span> 
     </span>
     <span class='ocr_line' id='line_1_45' title="bbox 315 3761 1342 3844; baseline 0.003 -20"><span class='ocrx_word' id='word_1_314' title='bbox 315 3765 404 3824; x_wconf 88' lang='lat' dir='ltr'>bitum</span> <span class='ocrx_word' id='word_1_315' title='bbox 414 3763 497 3823; x_wconf 77' lang='lat' dir='ltr'>esset:</span> <span class='ocrx_word' id='word_1_316' title='bbox 518 3783 580 3842; x_wconf 79' lang='lat' dir='ltr'>quae</span> <span class='ocrx_word' id='word_1_317' title='bbox 593 3780 623 3823; x_wconf 92' lang='lat' dir='ltr'>ut</span> <span class='ocrx_word' id='word_1_318' title='bbox 641 3761 786 3844; x_wconf 88' lang='lat' dir='ltr'>asperrima</span> <span class='ocrx_word' id='word_1_319' title='bbox 799 3767 836 3822; x_wconf 84' lang='lat' dir='ltr'>eli</span> <span class='ocrx_word' id='word_1_320' title='bbox 849 3764 923 3841; x_wconf 90' lang='lat' dir='ltr'>apud</span> <span class='ocrx_word' id='word_1_321' title='bbox 934 3767 1100 3838; x_wconf 75' lang='lat' dir='ltr'>Germanos,</span> <span class='ocrx_word' id='word_1_322' title='bbox 1120 3767 1161 3826; x_wconf 87' lang='lat' dir='ltr'>ita</span> <span class='ocrx_word' id='word_1_323' title='bbox 1173 3765 1245 3843; x_wconf 66' lang='lat' dir='ltr'>peni</span> <span class='ocrx_word' id='word_1_324' title='bbox 1262 3785 1342 3827; x_wconf 82' lang='lat' dir='ltr'>voca·</span> 
     </span>
     <span class='ocr_line' id='line_1_46' title="bbox 312 3842 1344 3923; baseline 0.002 -21"><span class='ocrx_word' id='word_1_325' title='bbox 312 3844 344 3904; x_wconf 87' lang='lat' dir='ltr'>lis</span> <span class='ocrx_word' id='word_1_326' title='bbox 357 3843 431 3923; x_wconf 87' lang='lat' dir='ltr'>apud</span> <span class='ocrx_word' id='word_1_327' title='bbox 447 3843 598 3913; x_wconf 85' lang='lat' dir='ltr'>Vascones,</span> <span class='ocrx_word' id='word_1_328' title='bbox 619 3862 673 3900; x_wconf 92' lang='lat' dir='ltr'>non</span> <span class='ocrx_word' id='word_1_329' title='bbox 687 3843 853 3901; x_wconf 86' lang='lat' dir='ltr'>consonans:</span> <span class='ocrx_word' id='word_1_330' title='bbox 874 3842 977 3902; x_wconf 88' lang='lat' dir='ltr'>nedum</span> <span class='ocrx_word' id='word_1_331' title='bbox 999 3859 1030 3904; x_wconf 93' lang='lat' dir='ltr'>ut</span> <span class='ocrx_word' id='word_1_332' title='bbox 1047 3844 1148 3923; x_wconf 79' lang='lat' dir='ltr'>duplex</span> <span class='ocrx_word' id='word_1_333' title='bbox 1172 3843 1278 3923; x_wconf 84' lang='lat' dir='ltr'>uspiam</span> <span class='ocrx_word' id='word_1_334' title='bbox 1300 3845 1344 3904; x_wconf 86' lang='lat' dir='ltr'>lit.</span> 
     </span>
     <span class='ocr_line' id='line_1_47' title="bbox 312 3919 1345 4002; baseline 0.002 -20"><span class='ocrx_word' id='word_1_335' title='bbox 312 3920 367 3982; x_wconf 83' lang='lat' dir='ltr'>Sed</span> <span class='ocrx_word' id='word_1_336' title='bbox 380 3939 552 4002; x_wconf 85' lang='lat' dir='ltr'>nequaquam</span> <span class='ocrx_word' id='word_1_337' title='bbox 586 3941 616 3980; x_wconf 88' lang='lat' dir='ltr'>ar</span> <span class='ocrx_word' id='word_1_338' title='bbox 636 3919 705 3980; x_wconf 90' lang='lat' dir='ltr'>ratio</span> <span class='ocrx_word' id='word_1_339' title='bbox 727 3921 779 3980; x_wconf 91' lang='lat' dir='ltr'>suit</span> <span class='ocrx_word' id='word_1_340' title='bbox 799 3934 846 3980; x_wconf 88' lang='lat' dir='ltr'>aut</span> <span class='ocrx_word' id='word_1_341' title='bbox 869 3923 1015 3995; x_wconf 82' lang='lat' dir='ltr'>necessitas,</span> <span class='ocrx_word' id='word_1_342' title='bbox 1037 3937 1086 3982; x_wconf 84' lang='lat' dir='ltr'>sut</span> <span class='ocrx_word' id='word_1_343' title='bbox 1099 3922 1246 3983; x_wconf 87' lang='lat' dir='ltr'>elideretur</span> <span class='ocrx_word' id='word_1_344' title='bbox 1268 3923 1345 3984; x_wconf 88' lang='lat' dir='ltr'>idem</span> 
     </span>
     <span class='ocr_line' id='line_1_48' title="bbox 311 3997 1173 4082; baseline 0 -24"><span class='ocrx_word' id='word_1_345' title='bbox 311 3997 463 4082; x_wconf 80' lang='lat' dir='ltr'>digamma,</span> <span class='ocrx_word' id='word_1_346' title='bbox 478 4003 504 4059; x_wconf 92' lang='lat' dir='ltr'>in</span> <span class='ocrx_word' id='word_1_347' title='bbox 519 4021 566 4060; x_wconf 83' lang='lat' dir='ltr'>ver</span> <span class='ocrx_word' id='word_1_348' title='bbox 616 4000 678 4070; x_wconf 87' lang='lat' dir='ltr'>hoc,</span> <span class='ocrx_word' id='word_1_349' title='bbox 700 4005 839 4059; x_wconf 80' lang='lat' dir='ltr'>irrveniet:</span> <span class='ocrx_word' id='word_1_350' title='bbox 861 4019 896 4060; x_wconf 89' lang='lat' dir='ltr'>eo</span> <span class='ocrx_word' id='word_1_351' title='bbox 911 4001 987 4059; x_wconf 84' lang='lat' dir='ltr'>uersu</span> <span class='ocrx_word' id='word_1_352' title='bbox 1000 4020 1036 4060; x_wconf 85' lang='lat' dir='ltr'>ex</span> <span class='ocrx_word' id='word_1_353' title='bbox 1047 4001 1173 4062; x_wconf 81' lang='lat' dir='ltr'>Andria:</span> 
     </span>
    </p>

    <p class='ocr_par' dir='ltr' id='par_1_13' title="bbox 391 4077 1303 4173">
     <span class='ocr_line' id='line_1_49' title="bbox 391 4077 1303 4173; baseline 0.002 -35"><span class='ocrx_word' id='word_1_354' title='bbox 391 4077 478 4140; x_wconf 82' lang='lat' dir='ltr'>Dabis</span> <span class='ocrx_word' id='word_1_355' title='bbox 491 4100 581 4141; x_wconf 73' lang='lat' dir='ltr'>nemo:</span> <span class='ocrx_word' id='word_1_356' title='bbox 603 4083 720 4142; x_wconf 77' lang='lat' dir='ltr'>iuvenies</span> <span class='ocrx_word' id='word_1_357' title='bbox 735 4086 829 4158; x_wconf 79' lang='lat' dir='ltr'>inopem</span> <span class='ocrx_word' id='word_1_358' title='bbox 840 4083 937 4158; x_wconf 77' lang='lat' dir='ltr'>petius,</span> <span class='ocrx_word' id='word_1_359' title='bbox 956 4077 1033 4158; x_wconf 70' lang='lat' dir='ltr'>quite</span> <span class='ocrx_word' id='word_1_360' title='bbox 1046 4094 1074 4140; x_wconf 82' lang='lat' dir='ltr'>se</span> <span class='ocrx_word' id='word_1_361' title='bbox 1084 4079 1303 4173; x_wconf 70' lang='lat' dir='ltr'>emunps&#39;fisus.</span> 
     </span>
    </p>
   </div>
   <div class='ocr_carea' id='block_1_8' title="bbox 1244 4159 1343 4224">
    <p class='ocr_par' dir='ltr' id='par_1_14' title="bbox 1244 4159 1343 4224">
     <span class='ocr_line' id='line_1_50' title="bbox 1244 4159 1343 4224; baseline -0.051 0"><span class='ocrx_word' id='word_1_362' title='bbox 1244 4159 1343 4224; x_wconf 78' lang='lat' dir='ltr'>Nihilo</span> 
     </span>
    </p>
   </div>
   <div class='ocr_carea' id='block_1_9' title="bbox 0 0 1459 4775">
    <p class='ocr_par' dir='ltr' id='par_1_15' title="bbox 0 0 1459 4775">
     <span class='ocr_line' id='line_1_51' title="bbox 0 0 1459 4775; baseline 0 0"><span class='ocrx_word' id='word_1_363' title='bbox 0 0 1459 4775; x_wconf 95' lang='lat' dir='ltr'> </span> 
     </span>
    </p>
   </div>
  </div>
 </body>
</html>
