2892 4775
269 176 891 262 naamitarum

83 306 135 369 bon
161 304 337 387 irrterpobtir,
360 318 419 367 tum
433 306 553 389 deniqne
574 308 652 369 lead
673 318 707 369 ea
730 327 792 390 qtae
814 309 923 375 dribbie
938 311 1012 376 di&
1028 328 1122 391 mont,

81 386 254 467 responsurae
268 384 320 445 elic
332 386 506 446 arbitrantur.
546 389 673 461 Quomrn
687 389 826 449 dieromsr
839 392 900 469 quie
913 394 1050 454 rationem
1064 398 1128 457 sub·

81 467 180 534 ducar,
204 462 291 524 emb
312 462 419 523 initium
439 465 607 543 Septembris
628 468 730 528 eadere
742 465 838 528 Ludos
859 470 1010 544 Romanor,
1034 478 1060 532 ir
1072 492 1128 535 oon

81 546 203 623 amplior
215 560 318 601 norem
331 540 390 599 dice
409 541 514 602 durasse
531 544 732 623 deprehendet.
770 540 819 604 De
840 547 873 606 iia
886 548 975 608 Ludit
995 552 1130 613 Romania

82 623 124 681 ite
140 623 243 681 Cic'ero
265 620 335 680 libro
357 619 454 698 quinto
473 622 501 680 in
516 622 653 681 Verrem:
674 625 706 683 N
709 644 761 683 nnc
774 626 832 684 sum
845 626 998 704 Mpetes
1014 630 1127 703 AEoilin

82 701 177 759 habeo
196 698 332 759 udonem
353 698 419 775 quid
440 696 458 757 i
477 702 581 777 populo
605 704 734 762 Romano
757 704 924 781 acceperim,
950 706 1020 765 mibi
1046 708 1128 769 ludoe

84 778 258 839 mnniffirorr
284 776 487 836 mariniacum
508 781 664 838 ceremonia
685 782 790 852 Cereri,
821 781 940 855 Liberae,
966 785 1126 865 Libetoque

82 857 237 926 iaciendos,
263 855 333 913 mibi
347 854 465 914 Floram·
475 874 592 917 matrem
608 858 714 934 Populo
727 859 857 939 plebique
871 860 1016 929 Rominae.
1043 864 1126 924 ludo·

81 955 145 993 rum
166 933 325 993 celebritate
346 932 518 1009 placandam,
548 937 616 994 mibi
638 936 716 994 ludot
738 940 941 1017 antiquiffimoe,
970 943 1019 1019 qui
1040 944 1125 1020 primi

83 1014 206 1074 Romani
220 1010 434 1089 suntapptllari,
458 1014 581 1072 maxima
601 1032 664 1073 cnm
687 1012 823 1095 dignitate
846 1036 879 1076 ac
902 1019 1035 1097 religione
1048 1021 1125 1098 lori,

83 1092 199 1170 Jonbni,
219 1090 411 1166 Minervaque
423 1090 475 1149 eise
489 1090 642 1159 faciundor.
664 1094 735 1153 mihi
748 1093 882 1155 sacrarum
902 1098 1002 1156 adium
1027 1096 1125 1175 proin·

83 1172 235 1241 rationem,
256 1172 307 1225 oe.
343 1168 409 1245 Qu
434 1168 497 1228 loco
519 1170 690 1261 Megalenses
713 1170 792 1230 ludoa
816 1192 871 1232 non
896 1174 1033 1243 omifiiiet,
1055 1194 1125 1254 quet
1153 1232 1158 1245 ,

85 1248 195 1308 AEdilea
209 1246 312 1305 simma
325 1247 456 1319 religione
466 1252 491 1305 δι
503 1249 639 1325 dignitate
652 1246 803 1321 faciebant,
817 1252 866 1311 nili
883 1252 970 1311 iidem
983 1256 1009 1311 de
1022 1256 1126 1333 Mega·

84 1326 172 1387 iensee
192 1324 249 1385 ludi
260 1322 366 1383 finilieot
388 1329 413 1383 lt
428 1327 558 1387 Romani.
592 1326 657 1387 Hae
672 1332 763 1387 tamen
773 1343 834 1389 tota
845 1330 882 1390 de
896 1349 927 1389 re
944 1332 1125 1395 asseremuoee

84 1404 194 1463 diuum
207 1404 274 1463 nibil
288 1402 382 1462 velim.

83 1569 164 1646 DE
189 1566 367 1647 TlBllS
392 1568 649 1645 PARIBUS
674 1567 754 1645 ET
776 1568 1122 1650 IMPARlliUS.

168 1728 334 1795 Honos
354 1732 389 1792 ad
413 1734 612 1814 dillinguendon
631 1736 705 1795 eiius
723 1736 893 1796 adhibebant
912 1736 1006 1797 Grati
1019 1740 1124 1810 Poitae,

177 1814 271 1871 Latini
285 1811 365 1871 tibiae
378 1812 537 1885 adhibuere,
558 1816 585 1871 in
600 1816 677 1893 gravi
691 1816 838 1875 Comoedia
851 1814 971 1885 dextrae,
984 1817 1011 1875 in
1025 1817 1079 1875 leri
1089 1817 1123 1875 fi-

85 1897 198 1958 nitimae
217 1906 302 1971 qnare
316 1905 425 1981 gratem
440 1890 533 1951 sonum
548 1892 661 1963 dextrae,
685 1912 796 1954 acnmm
821 1894 926 1952 sinistrae
946 1896 1122 1967 emittebant,

85 1986 119 2030 ut
132 1971 199 2031 sono
210 1968 354 2029 comoedia·
373 1970 417 2027 rel
433 1969 541 2031 levitati
561 1971 603 2029 rel
614 1970 741 2049 gravitati
755 1972 956 2051 responderent.
996 1974 1079 2053 Qod
1094 1989 1125 2034 ut

38 2115 46 2126 ‚
85 2050 167 2109 lieret
178 2046 360 2119 commodine,
382 2048 498 2125 impares
512 2048 739 2121 iebantdexttae,
759 2052 868 2123 boceli,
884 2052 965 2109 unico
978 2052 1123 2123 foramine,

85 2128 193 2186 linillrae
206 2130 321 2205 paren&
353 2128 459 2195 eminae,
487 2143 517 2188 ιιι
536 2128 599 2186 cim
610 2128 715 2187 duobne
729 2128 909 2189 foraminibus
922 2131 1011 2189 exiret
1031 2131 1121 2202 sonus,

86 2200 322 2276 ermamenarii
365 2205 533 2267 “tuaaeuiior
546 2204 581 2264 ad
595 2224 671 2267 aurea
684 2209 846 2286 perueniret.
888 2206 1024 2268 nonnoni
1038 2216 1119 2271 uttae'·

86 2302 142 2365 qne
157 2284 290 2357 solebint,
303 2292 366 2343 'cum
377 2284 464 2343 mixta
473 2282 489 2344 ei
499 2294 599 2365 genere
616 2294 730 2365 utroque
741 2300 802 2347 erat
814 2286 961 2346 eomodo.

6 2420 10 2431 ’
128 2449 569 2526 artronros
620 2447 1073 2529 coventreia

231 2611 299 2679 EX
319 2607 716 2684 INSCRIPTIONE
738 2607 970 2682 ANDRIAE.

173 2845 180 2854 ·
305 2763 422 2846 Mhistc
435 2771 923 2875 inscriptionesnnnterarregenn.-x

174 2911 280 2971 NDR
293 2909 307 2968 l
314 2913 340 2970 A
360 2911 497 2972 Terentii.
535 2913 607 2972 Atta
630 2913 699 2973 ludit
721 2911 923 2991 Megalenfibua
948 2911 992 2971 M.
1014 2909 1130 2980 Fuluio,

194 2990 239 3048 M.
254 2989 407 3048 Glabrione
420 2989 556 3050 AEdilibua
567 2993 723 3051 Curulibut.
745 2993 769 3050 E
790 3011 835 3051 ere
849 2996 882 3051 L.
894 2987 1039 3048 Ambiviur
1049 2989 1124 3047 Tur·

89 3073 152 3146 pio,
172 3069 206 3126 L.
223 3069 335 3128 Arnum
347 3069 526 3127 l’raenellinut.
570 3069 749 3128 Modoasecit
761 3013 998 3135 granditatem.
1023 3065 1128 3127 Claud..

90 3147 173 3284 igine,
188 3146 262 3283 dlxii
275 3147 383 3224 paribus
396 3152 420 3205 δι
433 3146 590 3224 imparibus,
613 3149 668 3207 hoc
680 3150 727 3212 est.
752 3149 855 3207 finisiris
869 3153 895 3205 ir
906 3147 1018 3208 dextris.
1048 3147 1125 3204 Tota

126 3243 248 3284 raecae.

131 3301 329 3363 Menandtou:
347 3301 422 3360 edita
436 3303 477 3362 M.
494 3302 640 3374 Marcello,
655 3305 706 3364 Cn.
722 3303 841 3382 Sulpicio
853 3303 925 3363 cois.

133 3384 179 3442 Ex
193 3381 257 3438 Aa.
274 3383 298 3439 I.
319 3385 397 3440 Secu.
417 3381 443 3440 l.
466 3383 530 3452 Ima,
558 3381 630 3458 apud
653 3385 725 3440 hunc
748 3385 891 3440 authorem
904 3382 994 3460 priore
1015 3386 1041 3438 dr
1061 3395 1125 3456 pro·

90 3461 174 3519 dniia
188 3465 214 3518 ir
226 3460 302 3518 brevi
315 3461 429 3536 reperio.
465 3461 550 3520 Unde
562 3461 641 3520 renio
653 3463 679 3518 in
692 3461 849 3538 opinionem
866 3461 944 3518 scribi
964 3459 1063 3516 debere
1076 3475 1126 3536 ge·

91 3541 171 3598 mino
183 3559 219 3606 rr,
234 3537 395 3616 alternisque
407 3537 574 3598 detrailione
586 3542 685 3617 corripi
699 3541 777 3618 posie·
785 3541 915 3616 priorem.
942 3538 977 3596 Et
990 3539 1071 3594 Scen.
1083 3537 1120 3595 ll.

94 3617 254 3675 circuitione
268 3615 489 3692 pentasyliobbm.
532 3615 569 3675 Et
582 3619 659 3677 Scen.
677 3619 714 3676 V.
740 3617 780 3674 Ne
792 3617 831 3674 ad
840 3617 951 3675 morbrrr'rr
961 3623 1051 3672 eliam.
1079 3613 1124 3672 M.

94 3692 191 3768 renea]
207 3693 306 3754 Verius
318 3694 363 3753 bic
376 3693 464 3752 finitur
477 3694 701 3772 sctnaesequentir
712 3695 798 3754 initio.
824 3695 865 3752 Ex
877 3698 939 3753 Aci.
952 3695 989 3751 ΙΙ.
1008 3695 1088 3751 scen.
1100 3691 1124 3753 Ι.

94 3776 220 3850 Quidni!
235 3771 391 3848 Byrrhiar']
414 3773 484 3832 Finis
499 3776 677 3851 precedentis
691 3775 789 3832 versus.
811 3775 849 3831 Et
861 3777 939 3832 scen.
952 3773 993 3830 ll.
1018 3773 1126 3829 Notata

19 3855 29 3878 ⁶
94 3853 209 3930 dignum
223 3853 251 3910 id
267 3845 374 3927 putavi,
403 3849 477 3930 qodd
493 3855 519 3909 in
532 3853 591 3925 iilo,
616 3853 707 3911 Etiam
717 3865 822 3927 puerum
834 3854 891 3910 irad
909 3848 996 3907 abiem
1018 3853 1128 3905 conueei

36 3954 41 3966 ·
96 3930 223 3998 Chremir,
239 3931 335 4000 Olera,
349 3927 384 3988 &i
395 3931 527 4006 pisciculos
538 3933 729 4002 minutosserre
741 3928 812 3987 obolo
825 3934 853 3986 in
866 3929 1046 4018 tanumfini..
1060 3925 1127 4019 Cen·

95 4003 1130 4164 iiiii.'ii?¹r..⁸‘s3{f.¹.²iii:¹‘.ili..iiimitizisii‘ii'li

96 4165 154 4226 iinr
163 4177 247 4243 atqua
256 4168 352 4224 ordiris
363 4185 370 4224 ι
382 4164 464 4244 quod,
472 4181 526 4224 nou
537 4164 605 4224 rison
617 4165 654 4224 eli
667 4167 793 4226 Donatus
806 4166 967 4243 intelligere.
987 4164 1088 4222 Cicero
1100 4162 1130 4220 in
1240 4203 1246 4230 ,

575 4261 593 4302 e
1023 4241 1131 4300 Catone

1136 183 1138 188 ’
1243 190 1292 275 lm
