2892 4775
342 231 903 313 TERENTIANA.

131 366 310 445 Quanquam,
334 362 383 424 hie
404 384 516 443 qunque
538 362 647 425 abillis
670 364 805 434 distentio,
827 364 928 443 aidque
948 360 1018 424 duos
1036 362 1126 423 versus

93 444 164 503 esse:
186 447 305 521 priorem
325 445 495 503 trochaicum
508 442 656 503 dimetrum
679 443 986 519 brachycatalecticum,
1006 440 1125 503 alterum

91 522 273 582 odorariam.
313 522 389 581 Nam
400 521 435 579 lic
446 522 645 598 pronunciavit,
667 538 696 583 ut
709 524 772 581 crim
792 520 907 580 dixisset.

131 602 171 661 Er
180 602 322 681 magnifica
333 597 444 659 verba:
466 598 590 667 subslitir,
609 598 752 678 edixitque
773 598 812 657 ibi
836 597 1003 676 propositum
1023 598 1051 658 in
1063 618 1127 658 rer·

92 677 155 738 bis:
178 682 271 757 possea
293 677 368 740 finus
381 696 445 738 cum
464 698 492 737 re
506 678 624 737 mutauit
646 678 818 748 sententiam,
841 692 872 736 ut
893 677 1032 754 prosaciis
1053 678 1127 738 sada

91 757 238 827 redderer,
262 762 289 816 dr
318 756 433 817 verbera
456 758 637 816 minitaretur.
680 758 826 817 Priscianus
848 756 1021 815 distinctionis
1046 757 1131 815 eausa¹

90 834 232 895 breviores
249 838 368 897 incertos
388 834 479 895 versus
497 833 574 895 dicit.
616 834 725 895 Verum
740 853 829 913 neque
844 833 892 892 ille
914 834 1047 894 distinctio
1065 837 1126 895 haec

90 912 160 990 quid
175 914 252 987 esset,
272 913 442 973 declararit:
473 934 491 972 n
530 932 564 971 ue
585 932 645 985 nos,
665 914 732 992 quid
753 913 802 972 fibi
823 914 902 979 velit.
925 910 993 974 sane'
1017 912 1123 975 scimus.

90 994 171 1051 Nam
184 1012 247 1072 quas
260 992 391 1053 distinctio
413 991 466 1052 esl'e
486 997 522 1050 de
542 1006 580 1057 et,
605 1010 660 1051 non
681 992 767 1053 solirm
786 988 885 1049 eadem
907 992 936 1049 in
951 992 1049 1064 Scene,
1076 992 1124 1052 sed

90 1072 178 1129 etiam
191 1071 305 1149 persona
318 1076 329 1130 l
358 1089 454 1152 quaeve
468 1071 495 1129 in
510 1070 598 1149 prima
611 1070 696 1129 Scena
709 1070 869 1153 gravissima
883 1069 1035 1129 Comrediae
1053 1073 1126 1132 Am·

90 1149 266 1225 phitruonisi
293 1148 357 1227 Ipso
371 1152 444 1211 enim
464 1148 580 1227 ingresso
594 1148 680 1208 statim
695 1149 826 1228 nusquam
850 1147 899 1206 sibi
911 1149 1023 1207 constat.
1064 1153 1126 1212 Atrt

90 1229 245 1305 quaternis
260 1248 293 1287 ea
307 1230 404 1301 Scena,
424 1229 519 1305 inqua
532 1227 688 1304 Pamphilus
702 1228 738 1287 de
752 1228 836 1306 patris
858 1226 960 1284 duritia
973 1228 1122 1305 queritur?

91 1308 140 1385 qui
165 1307 193 1365 in
216 1308 314 1366 eodem
336 1323 500 1387 argumento
514 1305 705 1387 propositisque
728 1306 858 1386 perstaret
870 1306 1081 1384 conquestionis,
1100 1312 1126 1368 δι

91 1388 260 1445 tetrametris
273 1385 341 1445 illud
352 1384 462 1445 inseruit
474 1383 622 1445 dimetrum
634 1403 641 1441 :

107 1464 112 1471 ’
171 1464 251 1542 Qud
250 1465 280 1541 st
282 1468 331 1535 fit.
351 1460 583 1542 perrofirnditris„

106 1554 110 1563 ’
132 1542 202 1610 Alii,
228 1560 258 1601 ur
279 1542 328 1602 fibi
352 1542 525 1613 videbantur,
545 1541 690 1611 acutiores,
714 1538 730 1602 ὲ
754 1542 833 1601 rebus
846 1537 990 1621 ipstsdoei,
1016 1543 1127 1605 nonso·

90 1618 150 1679 ihm
167 1618 270 1700 pedum
290 1622 397 1693 siarum,
426 1634 474 1681 aut
487 1618 604 1692 cursum,
625 1620 669 1679 sed
684 1622 769 1679 etiarn
783 1619 906 1679 versuum
921 1622 1018 1679 truslot
1030 1623 1125 1699 prodi·

91 1698 178 1757 dere:
207 1700 235 1759 in
260 1718 289 1757 re
312 1698 471 1779 perturbati
493 1701 595 1759 mutari
618 1698 716 1772 versus,
737 1698 875 1779 pedisque
892 1696 960 1775 ipsos
973 1702 1125 1759 confundis

91 1780 119 1837 in
134 1778 278 1837 celeritate
293 1778 444 1837 trochaicos
459 1776 530 1837 trudi
548 1798 556 1836 ι
573 1778 700 1857 gravibus
714 1777 833 1857 personis
856 1777 976 1835 statarios
989 1776 1126 1841 sermones

1221 210 1346 313 rxtx'

91 1856 205 1916 confieri
220 1875 255 1914 ex
267 1855 408 1933 spondeis.
448 1856 575 1917 afferunt
592 1856 647 1917 huc
668 1858 723 1915 tlon
744 1874 799 1916 tam
811 1874 865 1991 pro
879 1858 953 1926 tesle,
976 1854 1060 1935 quim
1074 1876 1126 1936 pro
1236 1858 1240 1863 ’

84 1934 184 2011 judice
198 1934 378 2026 virgilianam
392 1933 575 2017 prudentiam,
588 1934 710 1994 divinam
723 1934 798 1996 illam
822 1932 874 1993 and
887 1936 972 1993 mihi:
996 1939 1044 2013 qtri
1054 1955 1125 2006 rem.

89 2012 238 2074 verborum
254 2028 342 2072 nitore
356 2033 388 2073 ac
400 2032 574 2075 numerorum
588 2014 772 2073 concinnitate
784 2014 868 2072 oculis
888 2012 1020 2089 subjiciar.
1060 2015 1124 2095 Ego
1215 2060 1218 2065 .

89 2090 158 2150 verri
184 2105 215 2150 ut
237 2090 336 2151 horum
358 2092 531 2171 diligentiam
545 2092 766 2162 veneratussum,
789 2111 875 2171 qoam
896 2090 1024 2170 equidem
1043 2108 1124 2153 tanto

89 2170 180 2230 fludio
193 2170 221 2227 in
236 2170 304 2229 meis
317 2173 451 2247 perimatis
461 2170 618 2249 exprimere
629 2186 743 2229 conatus
756 2170 872 2229 fuerim:
887 2171 927 2228 ita
940 2171 966 2227 in
980 2172 1122 2231 comediis

89 2248 186 2308 falsam
200 2246 277 2308 simul
290 2266 374 2329 atque
387 2251 614 2327 supervacaneam
629 2249 823 2309 animaduerti.
863 2248 941 2307 Nam
955 2247 975 2306 st
988 2250 1015 2307 in
1031 2249 1123 2328 perso·

89 2348 190 2388 narum
203 2327 314 2388 {latibus
332 2328 452 2396 divertis,
474 2326 492 2385 sr
518 2330 544 2386 in
567 2329 706 2395 contrariis
733 2328 860 2408 negotiis,
885 2324 905 2385 fi
925 2328 953 2385 in
967 2328 1122 2394 fabularum

88 2409 213 2486 partibus
227 2403 348 2467 maxine
362 2409 432 2467 inter
442 2405 470 2466 se
480 2407 656 2475 dissimilibus,
672 2405 745 2468 idem
760 2427 817 2486 pes,
833 2406 906 2466 idem
920 2405 1023 2486 pedum
1040 2409 1122 2482 ordo,
1143 2409 1148 2419 '

88 2486 166 2548 idem
181 2489 333 2546 carminum
347 2505 432 2566 genus
444 2485 619 2546 ostenditur:
635 2485 693 2562 jam
708 2487 781 2545 nulla
794 2483 873 2544 causa
884 2489 931 2556 esi,
944 2486 1010 2564 quin
1024 2487 1123 2548 horum

89 2566 237 2637 sententia,
261 2579 391 2648 tanquam
412 2585 482 2624 vana
508 2565 680 2657 explodatur.
721 2567 797 2646 Ergo
818 2565 845 2623 in
858 2563 1067 2637 divinasabuln,
1090 2587 1124 2628 ac

90 2641 155 2702 reris
178 2643 317 2716 thesauro,
341 2663 423 2721 qoam
441 2643 497 2702 levi
524 2645 604 2702 nimis
626 2642 661 2700 de
681 2643 761 2702 causa
774 2645 969 2702 Trinummum
995 2643 1125 2722 inscripsit

90 2721 215 2792 Plautus,
243 2721 355 2780 Protulis
379 2723 503 2782 trimetro
529 2722 648 2781 iambico
673 2736 732 2782 tota
749 2723 874 2781 constat:
904 2724 972 2780 item
999 2721 1125 2800 Epitasir,

91 2813 150 2860 tom
165 2800 355 2878 catastrophe.
395 2799 526 2861 Stichus&
540 2803 686 2871 contrario,
713 2816 773 2861 tota
787 2800 929 2859 trochaicis
950 2801 1048 2880 longis.
1088 2803 1124 2862 su
1164 2829 1168 2838 ¹

91 2877 262 2969 Mostellaria
289 2877 453 2940 adolescenti
476 2879 667 2976 Philolacheti,
691 2871 795 2938 homini
809 2879 918 2972 perdito
941 2878 1016 2950 luxu,
1040 2894 1126 2958 atque

92 2957 1125 3115 323ἱῖᾖῖξῖὶὲἓὶἓὲῗὲἓέῒωῖᾙὲξέῗεῗὲζῖἱὶῑῗᾞὶᾟὶῗῑέἱῖῗὲὶ

92 3113 173 3172 servo
187 3112 317 3192 trepido,·
339 3114 367 3174 in
388 3134 417 3173 re
439 3112 591 3194 desperata,
621 3115 708 3174 versos
728 3114 880 3194 composti,
905 3127 988 3192 atque
1014 3115 1122 3196 fibiipsrs

92 3191 256 3251 constantes.
298 3191 362 3250 Seni
375 3191 555 3269 Teuropidae,
580 3193 639 3250 viro
660 3195 748 3272 gravi,
777 3210 871 3271 parco,
892 3192 965 3264 laeto,
987 3195 1125 3264 austere,

92 3285 189 3332 amoto
201 3269 399 3330 maritimorum
415 3287 490 3330 metu
504 3269 694 3348 periculorum,
708 3271 801 3330 senarii
814 3271 934 3331 iambici.
975 3269 1049 3339 Quid
1064 3292 1127 3351 gra·

92 3351 151 3406 vius
166 3349 394 3427 Amphitruone?
422 3349 487 3429 quid
503 3351 589 3426 magis
600 3349 750 3424 slararium,
769 3349 850 3427 quim
864 3349 923 3409 finis
937 3349 1036 3409 sabula
1058 3371 1124 3412 con-

91 3425 196 3487 versari
217 3427 389 3486 concluditur
405 3445 496 3486 tamen
508 3427 599 3486 fabola
614 3429 765 3488 trochaicis.
806 3427 838 3486 In
849 3431 945 3490 Sticho
958 3447 1049 3488 aurem
1064 3447 1121 3491 tarn

92 3505 192 3564 iambis
206 3521 316 3582 potant,
329 3505 411 3584 quim
428 3507 561 3566 trochaeis.
599 3505 738 3584 Gurguho
752 3525 859 3566 currens
872 3510 900 3566 in
916 3527 1036 3579 renova,
1050 3527 1126 3568 novo

92 3584 188 3642 nuntio
202 3583 311 3642 vehitur
328 3587 436 3647 trochaei
452 3585 525 3656 rotis.
566 3585 607 3643 At
623 3585 762 3643 Acanthio
772 3587 800 3643 in
815 3583 973 3645 Mercatore
987 3587 1061 3644 haud
1074 3587 1122 3644 ab·

92 3661 170 3721 simili
184 3661 211 3719 in
222 3681 253 3720 rc
266 3661 408 3740 quadratis
422 3663 506 3728 utitur
520 3660 652 3733 iambicis,
664 3680 693 3722 at
707 3662 800 3722 iisdem
815 3665 843 3722 in
855 3666 1028 3723 Terentiana
1041 3665 1128 3722 Phor-

93 3742 185 3800 mione
205 3738 283 3800 Geta
297 3742 356 3818 pari
371 3742 400 3799 in
414 3743 535 3820 negotio.
579 3740 711 3819 Ergasilus
726 3740 792 3800 verti
806 3743 936 3821 parastis
951 3743 978 3799 in
993 3743 1126 3820 Captivis,

93 3837 149 3877 tam
164 3819 320 3890 trochaicis,
340 3818 496 3896 quinariis
513 3840 519 3882 ;
541 3819 603 3877 cium
618 3837 708 3878 tamen
725 3819 840 3879 similem
862 3837 956 3900 ageret
979 3821 1124 3881 cursuram.

93 3896 337 3975 Quemadmodum
348 3898 527 3970 &Dinacium
542 3915 608 3976 puer
620 3900 649 3956 in
663 3899 758 3957 Sticho
772 3899 857 3958 nuntii
866 3914 946 3956 autor
961 3901 1035 3972 novi,
1050 3901 1126 3959 utris·

92 3995 144 4053 que
158 3975 258 4034 mistim
281 3977 338 4035 usus
360 3978 408 4036 est:
447 3977 579 4038 Praeterea
594 3975 738 4036 trochaicis
759 3975 873 4054 Harpax
888 3976 992 4035 Caenia
1004 3977 1127 4038 militaris

94 4055 120 4112 in
136 4053 273 4114 Pseudolo
296 4053 362 4114 dum
385 4057 509 4116 Leonem
523 4056 631 4131 quaerir.
669 4055 832 4114 Trochsicis
855 4055 984 4114 Erotium
998 4059 1129 4116 meretrix

95 4134 121 4190 in
135 4131 329 4204 Menaechmis,
345 4148 374 4192 ut
388 4135 530 4194 obsonium
544 4133 759 4210 comparandum
781 4146 867 4191 curet.
910 4139 949 4192 Ar
961 4131 977 4191 ὲ
990 4133 1127 4195 contrarii

94 4213 240 4272 trochaicis
255 4211 386 4290 Lysiteles
401 4211 565 4284 adolescens,
587 4216 612 4272 sc
634 4213 735 4292 gravis,
765 4215 789 4271 ir
802 4210 872 4291 frugi
897 4213 924 4272 in
938 4213 1106 4273 Trinummo
1103 4296 1129 4350 ἃ
