2892 4775
300 169 861 254 TERENT'IANA.

86 292 267 375 simplem
286 292 384 357 laudat
407 312 458 358 ore
470 294 651 367 Terentium,
669 294 717 357 nili
730 296 807 377 quod
818 297 929 357 incaute
951 292 988 357 de
1001 294 1098 359 trime·

88 380 128 437 uir
139 374 227 436 addit:
245 376 378 437 resutatuo
388 372 519 437 merituri
531 378 645 455 Georgii
657 374 790 436 Fabricio.
817 378 956 437 Caeterum
968 378 1017 454 qui
1030 394 1097 456 pau·

24 494 25 499 κ
86 456 183 518 tilium
204 470 337 515 aocurutre
356 454 458 515 criden
483 452 599 515 sueeell'u
612 455 690 515 omni
709 473 771 515 reno
850 436 947 523 stitisse,
968 456 1097 531 ignorate

24 502 26 611 i
85 536 149 595 illum
171 533 297 613 pleraque
321 533 456 597 interimit
479 532 610 593 dottrioae
634 534 761 611 mysteria
801 534 897 612 rugiant
918 532 1023 591 necesse
1049 533 1096 591 eil.

62 680 64 685 ,
85 613 141 675 Nou
152 611 243 675 sufficit
253 610 383 685 eruditio,
403 630 465 691 quae
476 610 670 671 confidentiam
693 610 811 691 persepe
830 626 944 690 generat
955 631 966 676 r
987 628 1018 671 ut
1038 612 1098 690 plue

83 692 134 751 nis
155 690 272 783 prompti
291 688 357 762 tint,
374 690 412 751 ad
424 688 669 769 pronunciandum,
689 690 739 769 qui
764 688 881 750 mttorir
902 689 1015 768 genium
1028 709 1099 751 uou-

84 769 139 829 dom
164 766 387 847 perdidicerunte
413 786 449 829 ne
471 766 563 829 dicant
585 768 621 827 de
645 768 812 849 pervulgatis
834 767 1017 846 opinionibur,
1036 786 1100 848 qun

81 846 146 909 haud
158 866 218 908 raro
229 849 343 909 eximias
353 864 467 927 qunque
478 861 586 907 menter
598 846 766 910 devertunt:
786 866 850 907 cum
863 845 1009 925 prasertim
1022 845 1099 926 quod

82 926 156 1005 probe
177 926 338 999 rotundum,
359 926 396 987 de
408 924 630 986 noraonmoadia
648 924 820 1000 judicatorio,
840 923 973 1003 retpeuu
994 927 1097 985 veterio

82 1003 179 1067 subinde
199 1005 326 1075 obstaret,
346 1006 467 1065 animum
490 1024 525 1064 ue
546 1000 657 1064 diuersi
681 1007 812 1065 traheret.
851 1002 954 1065 Dicam
977 1004 1098 1065 iterum:

84 1082 192 1145 Acoedot
213 1086 254 1143 vir
266 1084 378 1163 ingenio
389 1082 446 1143 &d
507 1083 552 1143 'na
574 1083 806 1161 prehanriffiruua,
825 1081 860 1141 nd
873 1080 1017 1142 ferendum
1030 1102 1100 1163 pru·

85 1162 267 1243 locrplicatiur
279 1162 317 1221 de
334 1180 438 1243 magno
451 1160 545 1240 aliquo
557 1160 715 1240 &perfecto
727 1180 764 1221 ex
778 1160 924 1221 Veteribus
943 1160 1030 1225 inita
1042 1161 1100 1221 sen·

86 1243 207 1305 tentiam:
228 1240 275 1300 nid
298 1240 400 1304 iterum
413 1238 569 1319 iterumque
581 1241 720 1323 relegerit,
739 1238 788 1300 nii
799 1238 964 1319 nogitaverit
985 1237 1101 1299 subrini·

85 1317 147 1391 hue,
164 1338 196 1379 ae
207 1320 330 1401 exegerit
342 1319 445 1399 iugulo
456 1318 641 1389 attentiffime,
661 1320 744 1379 facile
760 1318 834 1379 linea
847 1318 963 1379 excidet.
1003 1318 1102 1379 Docu-

85 1413 164 1459 mento
175 1398 299 1459 nolumus
308 1398 371 1475 jam
383 1398 431 1459 uifi
444 1418 479 1457 ex
493 1398 619 1477 proximo
632 1416 737 1478 petere.
778 1398 855 1457 Sicut
866 1394 991 1457 acerrimi
1005 1398 1046 1456 eir
1058 1400 1101 1457 in·

85 1480 145 1555 genii
157 1478 307 1552 Franrrsrur
320 1478 432 1539 Guietru
454 1494 541 1555 nuper
563 1476 726 1549 admodum,
745 1477 885 1536 reslillime
907 1480 932 1534 tr
953 1474 1101 1537 felicissume

85 1557 209 1633 amplexus
223 1558 330 1615 Alrnnii
354 1555 525 1626 sententiam,
546 1577 627 1615 annes
641 1561 751 1616 omniurn
765 1556 928 1615 comicorum
939 1558 968 1612 in
981 1576 1030 1614 uno
1050 1554 1100 1613 Te·

85 1641 151 1693 rentii
170 1636 417 1707 enime'virturm
434 1634 593 1712 judicavirr
623 1634 663 1693 ita
685 1634 822 1713 superiore
843 1632 950 1703 taeeuo,
969 1630 1103 1693 nolltmna

85 1710 174 1773 summo
186 1714 256 1787 viro,
278 1714 390 1795 &quod
405 1730 489 1793 capnt
511 1713 551 1773 rei
564 1712 611 1783 est,
631 1718 809 1799 epto-remea,
828 1711 906 1789 Julr'o
917 1711 1052 1789 Seasigaro
1066 1730 1102 1771 α

84 1789 205 1929 ἀιίἓοίὶιο
225 1796 312 1932 ιῇρέιι
325 1792 461 1866 excidisse,
482 1790 718 1871 quantummodo
737 1790 862 1861 delendi,
881 1808 916 1853 ac
933 1806 970 1849 ue
992 1788 1103 1850 tolerari

103 1890 116 1927 u
141 1890 182 1932 em
255 1888 314 1932 unt.

86 1888 102 1949 q
116 1949 179 2011 llud
191 1890 307 2028 ididem
321 1950 437 2012 libenter
455 1950 594 2023 sumimur,
614 1949 690 2029 quod
705 1948 741 2008 de
751 1944 860 2025 judicio
871 1946 968 2027 populi
980 1946 1083 2009 fatetur
1091 1971 1102 2017 ι

85 2048 131 2163 pun
142 2030 243 2089 etiamsi
270 2028 424 2108 superatum
438 2030 491 2091 esse
508 2030 599 2125 legam
612 2029 632 2089 i
643 2029 805 2088 Philemone
817 2028 1016 2098 Menandrum,
1034 2047 1104 2090 non·

103 2127 141 2167 un
152 2121 240 2168 tamen
265 2108 331 2168 idei>
344 2106 502 2171 Menandro
515 2109 653 2186 majores
666 2106 822 2169 Philemon.
861 2106 957 2167 Debet
969 2109 1055 2178 enim,
1075 2108 1105 2166 ui

86 2185 161 2257 fallor,
178 2186 292 2247 eruditio
313 2186 389 2247 idem
402 2186 497 2259 licere,
514 2184 591 2268 quud
605 2187 730 2267 populo:
760 2184 851 2245 uthic
862 2184 976 2265 quidem
994 2204 1044 2263 pru
1057 2186 1105 2248 suo

87 2280 167 2341 captu,
184 2266 222 2325 illi
247 2284 301 2341 pto
319 2267 432 2345 iugenio
454 2272 480 2325 dr
502 2265 809 2331 dominisententiam
832 2263 933 2325 ferant.
970 2264 1011 2323 At
1030 2265 1105 2324 euim

87 2342 165 2420 populi
179 2342 289 2420 jndicio
306 2343 354 2410 bic
373 2344 496 2406 bendum
518 2348 578 2405 eli:
609 2345 713 2426 pupulo
734 2342 872 2406 dabantur
889 2340 1013 2410 fabuler
1032 2347 1058 2401 br
1082 2344 1107 2404 ia

87 2444 126 2478 ne
147 2429 183 2482 ad
205 2427 351 2501 usturam
369 2427 496 2500 sermona’s
520 2429 664 2501 probarer
681 2421 709 2484 ei
728 2420 889 2501 confluebat,
911 2425 964 2498 fid
985 2426 1025 2480 ad
1045 2427 1107 2481 arti·

88 2522 143 2578 rapot
153 2504 206 2576 rosa
218 2507 328 2582 arjocis
341 2504 533 2564 relaxandum:
554 2521 616 2580 quur
627 2503 758 2580 Scaligeri
770 2504 853 2563 rerba
864 2502 934 2562 lunt.
975 2500 1030 2558 Sed
1043 2527 1109 2586 npt-

121 2583 246 2659 upoputi
263 2600 319 2640 nou
331 2583 404 2643 tollit
416 2585 516 2642 artium
529 2583 659 2641 inuitum.
702 2581 824 2660 Qando
837 2581 865 2638 in
878 2581 942 2640 soro
953 2599 1013 2644 rento
1025 2598 1106 2640 accu-

89 2606 148 2718 istor
160 2679 190 2720 ac
199 2659 368 2731 defenditur,
388 2661 508 2739 Populus
517 2679 571 2720 nun
584 2658 695 2720 confluit
702 2662 739 2717 ad
752 2658 906 2720 discendam
913 2658 1042 2720 sermoni·
1052 2657 1109 2716 cle·

91 2737 218 2814 gantiam
238 2759 331 2818 neque
344 2749 488 2818 propterea
501 2757 556 2799 non
567 2737 721 2798 laudabitur
728 2737 841 2810 Orator,
860 2739 909 2815 qui
918 2737 1018 2801 studet.
1035 2735 1111 2798 Con-

91 2815 180 2877 llnrerit
202 2821 321 2897 populun
346 2816 382 2876 ad
404 2818 597 2878 oblectandum
623 2817 746 2878 animum
768 2816 827 2876 visu
850 2820 875 2874 dr
896 2816 993 2875 auditu
1015 2833 1109 2875 rerum

92 2893 270 2956 ridicularum:
294 2895 358 2954 huic
379 2895 512 2956 desiderio
534 2895 676 2974 explendo,
697 2914 780 2954 nemo
801 2897 901 2974 opinor
920 2895 1007 2954 rouo
1029 2892 1117 2957 fabor

91 2971 135 3032 lom
147 2973 279 3053 scripserit
293 2995 303 3034 t
324 2974 451 3034 histrione
463 2976 537 3035 enim
549 2993 634 3052 quam
645 2975 732 3036 Poitu
744 2974 853 3052 dignior
865 2976 925 3032 hane
937 2991 1023 3050 opera
1036 2971 1110 3030 esset.

93 3051 167 3110 boire
178 3054 332 3112 institurum
347 3052 384 3111 ad
397 3054 596 3133 philosophiam
611 3053 730 3131 spectat:
759 3070 843 3130 arque
856 3054 885 3110 in
899 3051 1044 3111 Comoedia
1058 3052 1113 3108 boc

92 3127 163 3204 ipsum
176 3131 242 3210 agit,
267 3147 308 3202 ut,
330 3131 397 3191 dum
412 3149 492 3212 putat
511 3133 627 3210 populus
639 3131 772 3192 ludicrum
788 3149 848 3188 tem
860 3131 929 3210 geri,
948 3147 1044 3188 umore
1057 3127 1112 3184 vir-

93 3219 177 3280 tutum,
196 3211 265 3269 odio
293 3211 433 3284 vitiorum,
454 3230 571 3290 quaeque
594 3211 637 3268 hit
658 3209 841 3281 ursiniolum,
862 3213 887 3266 br
908 3207 944 3266 ad
964 3205 1113 3266 emendan-

93 3281 133 3346 ἀοι
152 3307 235 3348 morer
259 3289 409 3368 pertinent,
438 3290 585 3350 imbuatur.
626 3287 793 3349 Rudioribuo
818 3291 911 3365 itaque
935 3285 1114 3363 temporibus,

92 3365 170 3424 rudior
192 3369 246 3428 boc
276 3366 380 3427 solebat
406 3368 486 3428 deri:
506 3366 656 3444 animisque
679 3385 731 3426 nec
752 3366 906 3441 compositis
928 3383 980 3424 nec
1001 3363 1115 3422 excultio

93 3445 180 3522 aliquid
196 3445 399 3524 indulgendum
422 3463 491 3511 erat,
530 3447 689 3506 Accedente
702 3447 825 3524 quodum
845 3445 930 3510 cultu
953 3459 984 3502 ut
1007 3443 1037 3499 in
1050 3459 1111 3497 om·

95 3521 161 3584 tibur
172 3525 334 3586 civitatibus
356 3544 389 3584 ac
411 3525 558 3586 inconditi·
578 3524 698 3582 moribus
720 3523 757 3581 ad
769 3523 869 3602 gradun
882 3522 1015 3600 quosdam
1036 3519 1115 3576 disci·

94 3603 162 3676 plinae
174 3601 347 3681 proceditur,
370 3603 577 3683 temperandum
598 3617 658 3662 erat
679 3603 810 3682 quicquid
831 3604 946 3663 nimium
961 3597 1117 3664 videbatur,

95 3681 197 3743 intimuit
220 3687 246 3740 be
267 3681 377 3760 placide
397 3682 526 3745 traduilis
551 3681 586 3740 ad
611 3679 726 3740 rettiora
748 3681 868 3740 animia:
897 3693 927 3738 ut
948 3677 1120 3752 uoluptatem

96 3761 206 3835 nnnjrm
229 3779 268 3819 ex
283 3759 340 3819 solo
366 3759 428 3830 risu,
450 3759 526 3838 quod
539 3757 796 3836 imperitillimnrum
819 3761 866 3830 eil,
885 3755 932 3816 sed
953 3773 989 3813 ex
1010 3751 1121 3812 consue·

98 3837 179 3896 tudine
203 3841 270 3900 virae
294 3841 467 3918 fortuneque
488 3839 624 3904 humanae,
645 3838 765 3915 eleganti
787 3857 879 3896 rerum
903 3837 980 3896 texlu
1000 3850 1033 3888 oc
1055 3850 1121 3889 cou-

98 3911 218 3977 sttutione
254 3937 304 3996 pet
338 3917 521 3977 imitationem
542 3916 673 3993 expressa,
707 3915 756 3974 sbi
781 3915 929 3993 petendam
954 3911 1121 3990 judicarent.

99 3993 176 4065 Quom
192 3997 278 4074 ipsam
293 4017 352 4056 rem
368 4015 430 4056 cum
445 3997 592 4055 Comoedia
603 4011 674 4054 nova
688 3991 736 4052 fibi
749 3995 933 4073 proposuisset,
952 3993 1068 4052 aliorum
1082 3989 1123 4045 iu»

100 4069 182 4133 dulus
195 4075 260 4134 saue
276 4075 443 4154 profeceritr
464 4092 540 4133 certe
563 4075 642 4132 solius
655 4073 784 4131 Terentii
809 4075 918 4148 ingenio
939 4072 975 4128 ad
989 4065 1047 4128 sas'
1057 4066 1126 4127 rium

100 4149 212 4229 uiuendit.
256 4155 287 4224 Si
303 4155 390 4236 igitur
405 4153 548 4216 Volcatius
562 4151 700 4290 Scdbigitut
712 4152 750 4210 de
767 4151 888 4211 Cominio
906 4148 1041 4236 judicium
1064 4162 1127 4282 id'oe

324 4241 328 4248 '
642 4244 661 4312 ᾖ
879 4253 883 4264 ·
1028 4244 1065 4286 ru
1094 4239 1130 4298 tt,
