2892 4775
169 286 250 388 cxii„

408 371 412 385 ,
514 289 1149 366 nnonnoonrntvn

304 395 313 417 ⁸
368 415 542 490 Glycerium,
555 416 695 484 meretrix,
715 413 896 493 &voluptate
917 418 960 474 vel
974 417 1136 482 dulcedioer
1156 419 1279 498 γλυκιςὸς,
1299 413 1359 479 dus·

327 499 373 564 eir.
414 495 489 552 Hinc
515 493 709 568 Glycyrrhiza,
731 493 815 550 dulcit
837 494 932 551 radix:
955 497 1048 574 vulgus
1072 497 1244 575 Liquiritiom
1267 516 1356 558 vocat.

328 573 463 645 Glycere,
480 572 558 646 hujus
575 571 721 646 Glyceres,
750 591 849 630 nomen
871 574 989 632 mulieris
1014 576 1162 651 proprium,
1183 577 1252 635 verri
1273 575 1358 640 etiarn

325 650 413 726 potest
425 650 503 706 dulcis
518 672 529 708 .·
550 649 607 723 ejur
620 651 814 708 diminutivum
827 649 998 726 Glycerium,
1021 653 1134 710 dulcicul
1154 699 1160 711 .

366 727 459 800 Myso,
479 728 585 796 ancilla,
606 725 623 784 i
635 727 727 802 Mysia
740 729 837 806 patria.
867 729 965 788 Strabo
978 729 1061 788 refert
1075 729 1216 808 Mysorum
1227 731 1358 809 populum

326 802 500 880 usqueadeo
524 820 712 880 contemptum
738 807 824 874 fuisse,
846 823 876 864 ut
900 810 1044 882 proverbio
1066 808 1155 868 locum
1177 809 1283 869 fecerit.
1323 811 1359 870 Id

328 882 436 956 usurpat
450 885 492 941 hl.
508 885 616 941 Tullius
636 887 664 940 in
688 888 813 942 oratione
830 903 881 962 pro
896 885 1017 944 Flacco:
1046 885 1129 962 Qid,
1150 887 1248 958 inquit,
1266 903 1356 964 porro,

326 964 355 1021 in
369 961 462 1016 Graeco
469 961 585 1033 sermone
601 975 656 1018 tam
670 969 761 1020 tritum
774 980 851 1041 atque
863 959 1017 1020 celebratum
1032 969 1076 1042 est,
1090 962 1166 1044 quidm
1172 966 1200 1042 st
1213 973 1268 1044 quir
1281 965 1326 1041 de]
1336 971 1360 1032 i·

326 1045 400 1106 carui
411 1041 524 1109 ducitur,
544 1058 574 1098 ut
589 1037 716 1113 Mfforrm
730 1040 834 1097 ultimus
847 1042 893 1116 effe
906 1045 1035 1101 dicatur?
1318 1051 1321 1058 '

365 1118 475 1201 Lesbia,
489 1119 628 1182 obstetrix,
650 1117 667 1176 al
679 1118 771 1176 Lesbo
785 1117 876 1177 insula.
903 1120 1046 1178 Rationem
1058 1119 1142 1178 habes
1152 1119 1235 1198 paulo
1251 1121 1325 1184 anti.

350 1257 397 1333 T.
440 1259 632 1345 Fanni
674 1217 1334 1340 onsnnvnrrunonnm

335 1381 732 1446 'MISCELLANEAE
762 1387 824 1445 AD
854 1386 1028 1445 METRA
1058 1389 1320 1452 TERENTII.

375 1505 461 1565 LLl
480 1508 507 1564 se
527 1510 594 1566 mihi
617 1527 718 1586 magna
737 1505 856 1586 quadam
879 1507 1029 1584 voluptate,
1044 1507 1165 1568 &fructu
1180 1509 1251 1566 haud
1268 1509 1358 1569 medi·

383 1587 449 1656 ocri,
471 1587 579 1664 privare
598 1587 735 1656 videntur,
765 1587 812 1662 qui
838 1587 1000 1644 Terentium
1023 1587 1155 1646 sludentes
1179 1587 1277 1668 legere,
1307 1605 1359 1648 nec

325 1680 415 1722 metra
432 1680 523 1722 tamen
539 1667 594 1737 illa,
614 1666 689 1743 queis
705 1665 747 1732 uti
761 1663 909 1721 Terentius
923 1663 1070 1725 consuevit.
1093 1686 1199 1724 novere.
1243 1667 1358 1726 Merno-

326 1746 375 1819 tip
395 1744 467 1812 enim
483 1761 538 1805 tam
553 1746 703 1813 venustum,
726 1758 837 1822 tamque
851 1740 1007 1803 amabilem.
1030 1741 1183 1816 scriptorem
1207 1745 1266 1821 quis
1279 1765 1359 1802 man·

329 1820 397 1878 date
410 1823 497 1896 possit,
517 1823 714 1880 &mandatum
734 1821 876 1885 cusiodire,
899 1819 976 1879 nistsr
997 1821 1087 1898 &ipse
1107 1841 1194 1879 metra
1218 1823 1286 1879 illius
1299 1823 1358 1888 sen,

327 1898 408 1957 serici
429 1899 514 1968 Dein,
527 1901 615 1958 multo
626 1900 675 1958 fibi
688 1899 821 1975 majorem
835 1899 1074 1956 admirabilitatem
1095 1903 1176 1978 poeta
1201 1917 1357 1978 comparer,

326 1977 375 2043 ubi
389 1978 571 2035 intellexerint
583 1979 695 2037 lec‘lores
708 1998 765 2056 quo
787 1997 888 2054 genere
911 1978 1035 2035 carminis
1053 1977 1099 2036 hic
1122 1997 1171 2035 aur
1194 1978 1241 2037 hic
1255 1995 1356 2039 utatur.

326 2055 413 2125 Nam,
436 2057 509 2132 apud
532 2057 695 2115 Terentium
708 2055 832 2133 quidem,
853 2055 932 2134 plone
946 2053 984 2114 ita
998 2053 1120 2114 videmus
1145 2049 1262 2120 lieri'ac
1282 2058 1357 2132 apud

325 2131 474 2210 Virgilium
487 2135 563 2204 solet,
585 2151 615 2193 ut
638 2137 763 2193 carminis
783 2137 861 2204 ratio,
882 2139 907 2192 δι
926 2134 1022 2191 modus
1037 2137 1085 2204 rei,
1114 2154 1169 2211 qua
1197 2133 1233 2191 de
1255 2136 1356 2214 agitur,

324 2227 450 2269 naturam
466 2216 524 2271 fere
545 2214 703 2290 plerumque
721 2214 883 2288 exprimant,
905 2212 979 2290 quod
1005 2214 1031 2269 in
1044 2212 1137 2288 primis
1157 2213 1356 2272 observandum

325 2291 373 2359 esl,
388 2294 413 2344 dr
428 2293 483 2350 acri
496 2293 617 2370 quodam
630 2292 734 2350 aurium
745 2290 850 2365 judicio
863 2291 1080 2348 consectandum.
1106 2289 1157 2362 ,Et
1171 2291 1244 2349 aliud
1258 2299 1355 2361 etiam,

326 2369 425 2447 inquo
445 2375 565 2429 maxima
588 2371 689 2429 utilitas
710 2370 796 2446 polita
820 2371 874 2426 ell:
906 2369 934 2426 Si
956 2370 1001 2447 qui
1016 2369 1089 2427 enirn
1113 2368 1184 2428 sorte
1205 2390 1307 2430 errores
1326 2371 1357 2431 in

325 2450 446 2507 carmine
466 2449 576 2520 suerint,
595 2449 671 2527 quod
693 2467 825 2525 perquam
839 2448 921 2524 futile
937 2448 1021 2524 potest
1044 2450 1163 2520 evenire,
1194 2452 1217 2506 dr
1240 2451 1355 2513 nimium

324 2526 393 2602 saepe
406 2529 508 2596 evenit,
529 2546 575 2586 eoa
592 2546 696 2585 errores
716 2524 918 2602 deprehendere
941 2526 1017 2605 possit
1042 2544 1133 2595 nemo,
1154 2526 1200 2583 nisr
1224 2529 1270 2605 qui
1293 2546 1355 2585 ver-

325 2604 401 2661 suum
420 2606 553 2663 rationem
576 2605 687 2669 calleat.
727 2604 780 2663 Sed
795 2606 853 2662 haec
866 2603 945 2675 satist
966 2606 1141 2683 nequeenim
1165 2606 1293 2676 hocloco
1311 2625 1356 2665 ar·

325 2696 382 2741 tem
397 2684 525 2741 metiendi
540 2684 663 2748 carminis
672 2684 771 2741 docere
786 2682 906 2757 decrevi,

364 2762 466 2819 Paucas
492 2762 575 2839 igitur
598 2762 841 2820 observatiunculas
867 2756 1029 2836 proposuisse
1056 2758 1200 2831 suffecerit,
1234 2782 1295 2841 quae
1318 2766 1354 2820 ’δε

323 2856 406 2897 certae
428 2839 487 2897 sunt
508 2846 532 2897 tir
555 2840 710 2917 perspicuae.
752 2840 909 2897 Easautcrn
937 2836 1089 2919 priusqualm
1120 2839 1267 2929 inpedior,
1298 2840 1353 2899 hoc

323 2918 397 2985 audi,
419 2920 493 2991 quod
521 2918 594 2985 apud
620 2920 779 2975 Ciceronem
804 2918 831 2974 in
858 2918 974 2977 Oratore
1003 2916 1124 2975 Perseslo
1152 2916 1279 3001 scriptum
1304 2920 1351 2978 esi.

295 3015 300 3025 ¹
324 2994 375 3066 (At
393 3000 568 3055 Comicorum
591 2995 703 3065 Senariil
730 3012 840 3072 propter
852 2992 1050 3051 similitudinem
1070 2994 1195 3052 sermonis
1216 3000 1294 3073 (quod
1312 3020 1373 3055 nor·

324 3075 403 3130 Galli
424 3075 504 3150 vulgo
529 3099 654 3133 vocamus
674 3074 858 3131 conversation
887 3068 922 3129 (Εἰ
937 3071 1080 3141 ontretien)
1101 3072 1135 3129 stc
1148 3072 1216 3145 saepe
1232 3076 1289 3132 sunt
1304 3076 1355 3135 ab·

322 3148 386 3227 jesii
401 3155 440 3229 (id
449 3157 495 3228 est,
503 3154 608 3230 neglecti
619 3152 653 3211 {J
661 3152 804 3229 populares,
817 3148 862 3217 δ’,
877 3166 905 3207 ut
917 3150 1008 3207 Graeci
1016 3164 1124 3221 nocant,
1134 3152 1351 3223 ΛΟΓΟΕΙΔΕΙΣ)

325 3244 356 3286 ut
370 3248 561 3308 nonnunquam
576 3234 622 3289 vix
644 3234 670 3287 in
684 3233 725 3287 his
739 3249 864 3287 numerus
885 3231 977 3303 (idest,
1002 3228 1144 3301 rhythmus,
1168 3246 1197 3285 ut
1209 3235 1304 3289 Graece
1315 3236 1356 3299 dr'·

325 3306 407 3377 citur)
428 3311 552 3367 &versus
577 3314 619 3385 (id
627 3312 671 3384 cst,
693 3304 818 3383 dimerfio)
847 3306 936 3364 sentiri
960 3304 1047 3382 possit.
1087 3306 1175 3364 Vides
1191 3308 1354 3368 Ciceronem

324 3386 410 3459 ipsum
425 3388 504 3444 soteri
528 3408 588 3465 quae
601 3388 703 3445 fatetur
722 3387 759 3441 de
772 3383 946 3451 dimensione,
967 3382 1001 3440 de
1016 3384 1147 3461 rhythmo
1165 3408 1173 3449 t
1196 3404 1353 3463 utrumque,

324 3462 425 3523 scilicet
445 3467 491 3534 vix
502 3466 593 3535 sentiri
614 3464 695 3541 posse.
736 3464 810 3540 Quid
832 3482 880 3521 nos
901 3460 1175 3533 barbarouhomines,
1200 3469 1223 3519 δι
1234 3462 1253 3531 ,i
1268 3464 1353 3525 seliei-

326 3558 394 3609 tate,
429 3564 460 3609 ae
481 3546 604 3601 doctrina
622 3542 691 3601 illius
721 3540 807 3601 saeculi
829 3558 884 3598 tam
905 3560 1003 3617 magna
1023 3539 1226 3619 intercapedine
1253 3542 1353 3599 dissitos

322 3620 444 3695 judicare
465 3624 588 3680 deceat?
617 3621 682 3686 Sed,
702 3620 776 3695 quod
792 3622 900 3684 mirere,
921 3618 956 3674 de
977 3620 1083 3675 senariis
1104 3624 1209 3677 tantum
1230 3620 1353 3695 loquitur

264 3740 268 3745 1
324 3701 446 3777 1(licetur
467 3698 623 3777 quid,s1de
637 3698 789 3764 trochaicis,
811 3697 845 3753 de
860 3696 1043 3772 anapaesticis?
1064 3695 1099 3752 de
1115 3696 1236 3755 universo
1249 3717 1352 3771 genere

253 3810 258 3818 ·
325 3778 530 3839 iambicoruml
550 3777 616 3856 quid
639 3775 659 3833 st
678 3773 714 3831 de
730 3776 852 3835 universe
877 3776 1093 3850 anapaellicorum
1108 3776 1200 3833 sormia
1215 3776 1353 3846 agendum

323 3856 372 3929 ipfi
386 3858 472 3915 suisset
488 3866 498 3919 ἒ
528 3858 595 3935 quid
620 3854 655 3913 de
669 3853 728 3911 aliis
740 3856 894 3931 generibus,
915 3872 976 3930 quae
990 3854 1016 3909 in
1030 3848 1193 3929 Graecorurn
1207 3854 1353 3915 comoediis
1393 3901 1394 3904 η

324 3936 461 3993 celebrata
487 3937 555 4009 olim
581 3936 716 3998 suerunt?
736 3935 811 3992 'sum
836 3951 901 3993 vero
927 3931 1014 4010 magis
1031 3928 1157 4001 dixisset,
1187 3939 1240 3999 vix
1252 3934 1356 4007 sentiri

319 4014 463 4148 ffiffsssgpad
479 4111 535 4160 rem
550 4090 640 4159 venio.
680 4090 725 4150 Sic
739 4088 820 4167 igitur
833 4086 905 4147 dotti
920 4082 1082 4157 existimant,
1098 4084 1155 4146 duo
1170 4100 1277 4146 tantum
1292 4108 1354 4147 ver·

322 4164 508 4257 fuum'genera
518 4171 569 4231 esse
584 4168 655 4246 apud
663 4170 838 4236 Terentium,
859 4168 989 4227 iambicos
1007 4168 1208 4225 &trochaicum
1253 4164 1284 4223 ld
1299 4186 1354 4245 ego

321 4263 349 4301 m
364 4248 512 4305 universum
537 4246 589 4321 eise
609 4248 769 4305 teriffimum
792 4246 855 4307 scio.
900 4244 955 4307 Sed
968 4243 1034 4325 quid
1055 4244 1090 4303 ad
1107 4246 1157 4325 hot
1183 4242 1269 4305 versut
1284 4246 1348 4317 Aet.
1437 4268 1444 4283 ·

320 4312 376 4407 lv.
400 4308 511 4403 :sudriae
522 4326 602 4383 Sceo.
617 4322 639 4407 Ι
661 4324 760 4409 dicas?
805 4340 816 4357 ·
933 4390 936 4401 ¹
1283 4394 1317 4468 H

721 4410 727 4421 .
910 4426 913 4431 ,
1304 4416 1355 4469 Μ,
