2892 4775
287 158 859 251 ‘nn'itnntmntrt

89 286 207 365 paulatim
220 302 380 365 perventum
393 290 430 350 eli
442 289 479 349 ad
493 289 743 361 mansuetudinem,
763 286 895 367 urbesque
909 287 969 351 suut
980 288 1111 362 conditae.

88 366 174 425 &rita
185 366 278 425 mitior
295 384 382 447 atque
401 369 511 429 otiofior
533 371 674 447 proceffit:
695 370 736 427 ita
746 388 790 425 ree
808 368 838 422 T
839 370 938 448 ragicae
961 367 1042 447 longi·
1062 391 1125 443 an·⁴

90 442 114 501 ti
125 446 245 504 Comicae
258 446 384 508 iuuentae.
423 449 558 529 Quamvis
574 465 668 507 autem
685 446 859 523 retropriica
879 449 1050 507 volventibus
1063 471 1108 509 re-

89 525 196 599 periatur
208 524 476 605 ‘r'bespr'sTragoeniae
497 528 599 605 primus
613 526 763 589 inventor:
784 530 810 583 δι
830 522 984 585 Comoediae
1009 530 1109 590 ueteria

88 617 156 677 parer
168 602 280 681 Eupolis*
293 622 356 663 cunr
381 606 505 677 Cratino,
526 604 738 684 Aristophanique
755 602 809 661 effe
831 604 939 665 dicutur
955 626 963 661 ι
984 608 1110 665 Homerus

87 695 178 751 tameo,
198 682 247 759 qui
260 680 317 741 ferd
329 685 417 743 omnio
435 684 553 745 Poiticae
565 683 722 763 largiliimua
736 682 796 742 ioue
819 684 868 753 ett,
886 686 972 743 etiam
993 684 1034 742 his
1047 705 1110 744 car-

86 758 191 817 mioibua
214 755 348 838 exempla
362 763 486 839 praebuit,
506 767 532 818 dr
553 762 628 821 velut
647 760 768 839 quadam
792 760 899 819 suorum
918 781 1033 839 operum
1046 762 1110 841 lege

86 835 247 913 prescripfit:
271 840 327 919 Qui
336 840 541 901 IliademinlIar
553 841 720 918 Tragoediae,
742 838 891 914 Odyiieam
900 839 940 898 ad
955 842 1106 919 imaginem

88 914 236 983 ennodio,
258 917 350 977 feciffe
369 921 544 979 monstratur.
581 919 805 995 Nampoiiiiliuo
816 918 870 979 tale
885 918 1107 1000 tantumquedo-

86 1008 242 1065 cumeorum,
264 998 300 1057 ab
313 998 521 1077 ingenioiiffimie
542 998 725 1058 imitatoribus
742 1001 768 1053 dc
788 996 889 1074 digena
909 996 968 1057 sunt
983 999 1010 1055 in
1033 999 1108 1057 ordi·

87 1093 150 1145 nem,
169 1073 293 1135 &divisa
306 1096 349 1149 ea,
369 1095 430 1157 quae
444 1079 529 1137 etiam
543 1090 602 1136 tum
621 1075 726 1137 temere
744 1075 928 1135 scribebantur
946 1072 1038 1135 adhuc
1050 1072 1108 1136 inrss

87 1153 169 1229 polita,
187 1167 273 1231 atque
281 1156 309 1213 iu
321 1154 383 1235 ipfia
394 1156 553 1217 rudimentis
563 1154 791 1233 haudquaquam.
802 1155 936 1290 utlpollea
946 1154 1018 1213 friia
1032 1154 1105 1227 sunt,

86 1231 173 1290 deeora
184 1247 269 1309 atque
280 1234 367 1293 levin
405 1237 446 1293 At
458 1252 564 1305 norea,
583 1252 645 1311 quae
658 1235 767 1311 proprie
778 1232 815 1291 de
857 1231 977 1311 ragoedia
989 1232 1107 1295 dicendo

88 1309 146 1379 lunt,
166 1310 246 1369 titulo
266 1312 396 1390 propotiti
417 1313 507 1391 operia
521 1314 658 1379 instanter,
678 1314 706 1369 io
720 1312 775 1371 alia
785 1325 909 1389 tempora
923 1312 1104 1373 differamus:

88 1388 148 1447 &de
164 1389 205 1447 hir
218 1389 318 1449 fabulis
333 1389 393 1467 jam
407 1394 561 1470 loquamur,
581 1388 796 1468 quaestuosius
807 1390 930 1447 imitatus
944 1390 989 1449 eil.
1030 1392 1106 1451 Poli-

87 1484 156 1543 quarn
172 1466 385 1529 demonstrandae
398 1472 509 1561 oripioir
520 1468 597 1528 anub
612 1465 649 1529 de
662 1468 799 1547 utriusque
813 1470 919 1546 generis
936 1470 1016 1529 initio
1034 1470 1106 1529 diui·
1193 1470 1201 1485 ’

87 1564 152 1605 tuor:
170 1546 244 1625 quod
258 1549 362 1607 neced'e
373 1548 421 1617 est,
438 1566 498 1625 Jatu
511 1548 641 1611 dicemus.

120 1626 260 1685 Comoedia
280 1628 339 1687 fere
357 1644 444 1698 torua,
465 1642 496 1687 ιιι
519 1627 573 1704 ipsa
595 1644 706 1705 quoque
729 1628 797 1689 olim
811 1625 974 1707 Tragoedia,
995 1626 1107 1705 fimplex

88 1720 183 1761 carmen
207 1704 455 1782 (quemadmodum
478 1704 538 1781 jam
552 1706 679 1777 diximus)
709 1706 784 1765 suite
812 1708 890 1787 quod
911 1707 1009 1766 chotun
1031 1710 1105 1766 circo

90 1800 139 1841 arar
157 1782 293 1843 fumantes
315 1802 388 1843 nuuc
417 1783 556 1863 spatiatus,
585 1803 657 1845 nunc
683 1783 833 1857 confidens,
867 1805 939 1845 nunc
963 1787 1106 1845 revolvem

89 1878 166 1937 gyroe,
183 1880 247 1921 cnm
270 1862 380 1923 tibicine
402 1862 574 1923 concinebat.
615 1862 669 1922 Sed
689 1864 779 1941 primo
799 1884 852 1927 uua
877 1860 990 1942 persona
1013 1862 1106 1923 sublii·

88 1954 138 1997 tuta
153 1940 187 1999 est
207 1942 376 2013 cantoribus,
405 1960 468 2020 qun
487 1940 649 2019 respondem
674 1942 783 2001 alteruis
808 1946 904 2013 choto,
925 1942 1105 2021 locupletavit

89 2018 246 2097 timuitque
264 2036 324 2078 rem
349 2019 495 2085 moficamr
518 2036 576 2079 tum
590 2020 694 2085 alterat
715 2036 775 2079 tum
789 2023 870 2080 tertia
884 2045 894 2087 ι
914 2022 988 2079 &ad
1001 2023 1102 2099 postre-

88 2114 162 2167 mum,
182 2096 327 2159 crescente
346 2118 470 2169 numero,
490 2116 540 2176 per
564 2098 691 2158 authotee
716 2099 843 2169 diuersos,
864 2100 991 2177 perionae,
1013 2100 1103 2177 pallae,

88 2176 207 2247 cothurni,
228 2176 310 2249 socci,
335 2181 361 2233 ie
383 2180 471 2236 caeteri
495 2191 605 2237 ornatus
624 2192 708 2255 atque
731 2176 843 2257 inlignia
867 2175 1033 2238 scenicorum
1060 2198 1105 2235 re·

88 2272 171 2330 petto:
191 2260 214 2311 ir
234 2257 270 2313 ud
286 2258 340 2315 ltoc
360 2256 505 2333 unicuique
518 2254 578 2315 suun
591 2254 709 2325 habitur,
730 2260 755 2313 de
768 2259 802 2314 ad
816 2256 953 2325 ultimum,
974 2260 1023 2335 qui
1043 2257 1099 2335 pri·

88 2352 180 2392 murum
198 2335 330 2412 partium.
364 2335 411 2412 qni
434 2332 619 2402 secundatum,
650 2335 839 2406 intertiatam,
893 2335 1102 2414 iniquartarum‚

89 2413 338 2494 atquequiutarum,
357 2416 460 2472 astures
482 2413 577 2484 eiieot,
597 2412 747 2484 distributa,
767 2421 792 2473 δι
815 2356 900 2473 diutia
921 2417 1107 2492 quinquepar-

91 2491 133 2549 tito
154 2507 210 2550 tota
227 2493 265 2550 eii
287 2492 380 2551 sabula
396 2515 405 2557 ι
424 2511 486 2570 qum
500 2505 592 2552 tamen
614 2491 641 2550 in
664 2491 723 2568 ipfiu
744 2507 819 2552 ortuo
840 2493 878 2551 sui
900 2481 975 2551 velut
996 2491 1105 2585 quibus·

89 2567 141 2628 darn
159 2571 337 2640 incunabulis,
357 2571 440 2628 &vix
459 2569 525 2630 dum
539 2571 667 2648 incipiens
687 2571 806 2649 κωμῳδία
824 2572 930 2644 irruite·
951 2579 976 2654 ις
998 2577 1104 2652 αρχαίι

90 2647 148 2704 uitta
163 2650 216 2706 eli:
244 2647 349 2732 ἀρχαία
368 2647 479 2719 idcirco,
512 2651 577 2728 quin
591 2650 628 2708 est
651 2648 687 2708 de
710 2652 787 2708 nobie
806 2671 903 2726 parum
927 2651 1040 2726 cognitis
1062 2650 1104 2706 ui-

91 2727 142 2784 tiis:
160 2726 265 2788 iridem
289 2737 392 2797 autem,
413 2728 478 2804 quia
500 2727 565 2786 ineli
593 2729 619 2786 io
640 2747 673 2785 ea
694 2727 769 2786 uelut
790 2727 914 2787 hillerico
937 2727 1003 2785 fider
1029 2746 1102 2786 verae

90 2807 241 2877 narrationis,
264 2807 493 2865 &denominatio
514 2805 635 2866 omnium
658 2805 693 2863 de
713 2808 810 2883 quibus
824 2807 916 2864 liberae
931 2805 1101 2863 describeba-

91 2897 132 2940 nu.
166 2885 276 2943 Etenim
290 2903 338 2962 per
357 2884 454 2962 prisma
468 2884 573 2954 Fuitne,
594 2903 649 2944 noo
662 2901 692 2943 ut
714 2905 795 2954 nunc,
815 2888 921 2964 penitus
942 2885 1002 2941 litt-u
1023 2903 1101 2958 argu·

91 2977 177 3032 menta,
210 2961 256 3020 sed
282 2981 323 3020 res
350 2964 428 3040 gellae
456 2961 473 3020 ai
495 2963 599 3020 civibus
621 2965 710 3039 palam
735 2983 914 3022 cumeorum
940 2963 1019 3038 impe,
1053 2965 1102 3039 qui

91 3040 212 3116 gederant,
233 3044 347 3100 nomine
368 3041 592 3100 decantabantur.
632 3041 701 3099 Ideo
725 3041 780 3119 ipsa
805 3042 852 3100 suo
874 3059 996 3117 tempure
1020 3045 1103 3112 moto]

91 3117 251 3180 burmultum
272 3120 375 3196 profuit
388 3120 521 3178 ciuitatis:
542 3138 604 3178 cunr
627 3118 806 3198 unusquisque
825 3139 946 3189 caveret,
967 3123 1045 3194 culpa
1068 3141 1102 3176 oe

92 3195 223 3270 ipedacnlo
248 3199 354 3256 curreris
375 3199 447 3268 eliet,
474 3197 667 3256 &domestico
693 3199 804 3275 probro.
845 3198 898 3255 Sed
923 3219 984 3254 cum
1011 3199 1102 3256 Poitne

91 3277 153 3334 abuti
175 3277 300 3335 licentius
320 3277 396 3350 llylo,
418 3283 443 3334 dc
466 3277 555 3352 pnffim
575 3278 673 3336 laedere
696 3297 731 3333 ex
749 3275 861 3334 libidine
884 3277 1023 3354 cnepill'ent
1042 3278 1102 3352 plu-

92 3371 126 3408 tet
137 3355 223 3425 bonno,
247 3354 438 3432 nequisquam
462 3358 490 3413 io
503 3357 618 3414 alterum
632 3375 741 3412 carmen
760 3355 863 3417 infame
887 3372 1050 3430 proponeret
1063 3357 1101 3411 le·

91 3433 177 3506 gelata
189 3433 297 3491 filudre,
327 3433 363 3490 Et
372 3435 434 3490 binc
447 3433 547 3493 deinde
560 3433 632 3492 aliud
646 3453 730 3511 genus
739 3433 847 3504 fabulae,
862 3433 889 3489 id
903 3434 939 3490 ell
949 3436 1101 3502 sturno,
1200 3440 1203 3449 '

91 3509 182 3586 sumpit
193 3511 339 3570 exordium
352 3533 360 3568 ι
381 3533 441 3590 quae
455 3511 471 3570 ai
484 3513 587 3590 satyris,
601 3531 670 3588 quos
683 3511 774 3570 illotos
785 3511 888 3588 semper
900 3530 932 3568 ac
948 3512 1101 3584 petulantes

91 3588 152 3646 Deos
167 3589 261 3648 seimus
282 3590 345 3658 effe,
365 3593 485 3648 vocitata
498 3593 552 3648 eil:
574 3591 621 3648 etii
646 3589 756 3648 aliunde
777 3610 877 3647 nomen
893 3591 998 3645 traxisse
1018 3608 1101 3664 praue

91 3669 241 3740 putaotalii.
282 3669 365 3736 Horu,
385 3687 446 3744 quae
468 3671 565 3742 Satyra
584 3669 693 3740 dicitur,
726 3667 857 3742 ejusmodi
870 3666 930 3736 luit,
952 3687 982 3723 ut
1006 3667 1032 3722 in
1056 3687 1100 3736 ea,

90 3747 278 3818 quamviaduro
298 3751 324 3804 ie
347 3746 432 3804 veluti
454 3749 547 3824 agnelli
558 3745 633 3820 joco,
654 3748 689 3803 de
712 3749 785 3804 vitris
808 3749 909 3803 civium
935 3742 1024 3802 t'ameo
1048 3746 1101 3803 stne

93 3823 136 3878 ullo
146 3826 243 3901 proprii
266 3825 384 3882 nominis
406 3825 484 3882 titulo
506 3843 615 3882 carmen
637 3826 709 3885 esser.
752 3825 834 3902 Qud
851 3827 919 3882 item
940 3842 1022 3900 genus
1046 3829 1103 3880 Co-

93 3901 182 3958 moediae
201 3903 293 3962 multis
314 3903 404 3960 obluit
425 3903 523 3972 Poetis,
543 3923 606 3962 cum
630 3905 657 3960 in
680 3904 853 3980 suspicionem
867 3901 1022 3978 potentibus
1037 3904 1104 3958 ciui-

93 3976 276 4052 unsreniiient,
307 3982 416 4038 illorum
440 3980 512 4038 ladio
537 3981 693 4057 descripltli'e
718 3983 746 4037 in
773 3980 858 4055 pejus,
889 3998 921 4036 ac
943 3981 1105 4038 deinrmnffe

94 4073 162 4130 genus
183 4059 248 4134 llylo
269 4059 413 4116 carminis:
436 4059 511 4135 quod
533 4059 621 4136 primo
636 4061 748 4117 Lucilius
771 4079 844 4115 nouo
870 4058 1020 4134 conscripsit
1042 4079 1105 4116 nro·

95 4141 131 4204 uo,
149 4151 174 4200 ut
191 4137 281 4199 Poifin
301 4138 367 4200 inde
388 4139 503 4235 faceret,
529 4139 558 4198 id
581 4138 629 4210 eii,
651 4141 728 4199 unius
754 4136 880 4198 carminis
902 4137 992 4214 pluteo
1012 4135 1104 4273 lilppnr.

1071 4233 1105 4274 oc
