2892 4775
356 97 900 184 aaaamrratta
1128 78 1133 87 ’
1198 129 1297 216 ειη

102 225 134 288 in
158 223 263 304 [criptis
283 226 406 286 maximo
430 226 607 288 moliminea
628 229 731 304 lediore
753 232 912 311 impetrant.
951 230 1079 312 Sequitur
1102 231 1135 294 ei
1194 253 1202 264 ·

100 301 174 372 ἦθος.
216 304 312 384 Qud,
332 322 363 365 ut
375 303 458 366 docet
470 305 634 378 Aristotelea,
658 306 686 366 in
705 307 838 380 oratione,
867 296 1068 388 uniuscujusque
1089 309 1132 370 iu-

101 383 230 441 stitutum
254 381 357 442 iudicat
380 387 406 442 tr
429 384 608 446 voluntatem.
646 387 730 462 Quod
755 389 782 446 in
805 387 841 446 fin
880 388 910 448 lia
932 395 1132 463 repraeleotate,

102 457 156 517 uili
170 460 222 518 viri
244 477 292 518 aut
304 457 445 537 prudentia
469 475 517 518 aut
528 461 692 539 philosophi,
711 464 808 523 nullius
822 485 837 524 e
861 509 868 524 .
909 464 986 524 Nam
999 463 1132 542 quemad·

104 536 257 596 modume
276 537 383 620 iugulis
409 540 586 616 experientia,
616 538 656 597 ita
678 560 762 602 nemo
781 539 944 622 ungulorum
966 560 1055 603 morea
1077 543 1132 604 fine

103 613 160 672 bac
174 617 313 692 exprimit.
354 617 448 688 Quare
473 619 596 676 omnium
621 621 812 682 accuratissime
833 625 858 679 de
877 621 992 698 optime,
1012 619 1078 698 quid
1098 621 1132 682 iit
1156 645 1164 656 ’

103 691 200 752 fauere
223 711 253 753 ut
275 693 307 753 lit
325 692 402 760 illari
422 695 521 764 oratio,
541 695 714 774 philosophus
736 698 874 758 ostendit:
892 699 965 776 quod
990 697 1132 758 relsolum

103 773 178 832 tanti
192 772 241 838 ed,
266 787 296 830 ut
306 773 373 831 nibil
386 773 618 845 minmnonnulli,
636 775 684 851 qui
702 774 739 833 ad
751 776 958 834 Rhetoricarum
971 773 1076 835 suarum
1090 777 1128 836 le·

103 867 165 928 gea,
179 869 342 928 magnorum
354 855 501 930 quoque&
522 851 675 910 sublimium
689 855 716 911 in
737 855 862 924 emiorum,
870 853 1006 913 orationes
1019 857 1130 933 exigere

104 925 222 993 audent,
234 929 323 987 bacin
334 945 413 1010 parte
429 927 557 987 rideant:
580 931 605 987 in
619 949 686 1008 qua,
698 871 737 988 ad
746 929 823 1010 ipliua
856 951 946 1010 unque
959 931 1130 1007 antiquitatis

103 1004 255 1082 stuporem,
263 1005 332 1066 Afer
340 1008 386 1066 iile
395 1021 501 1084 regnat.
525 1007 610 1064 Recte
622 1025 689 1085 ergo
700 1010 789 1066 Varro
802 1030 809 1066 :
831 951 863 1068 in
875 1015 1034 1100 argumentis
1046 1009 1131 1068 cert·

104 1081 158 1141 lias
168 1087 251 1158 poscit
259 1085 384 1162 palmare,
398 1089 426 1141 irr
438 1083 532 1162 etbrfie
544 1085 682 1148 aeremia.
727 1085 865 1164 Significat
874 1106 957 1148 entur.
990 1086 1132 1148 Caciiitm

105 1160 233 1240 adparuit,
251 1177 299 1221 aut
311 1165 400 1241 potius
413 1168 584 1240 innuerim
595 1163 690 1223 fuisse:
709 1163 942 1244 quemadmodum
952 1161 1128 1242 ἆνοικωόμπος

104 1253 303 1318 nonnunquam
322 1261 377 1318 prae
399 1241 506 1375 reliquia
528 1239 636 1300 ridetur
648 1242 780 1302 Plautus:
800 1245 843 1301 cui
855 1241 982 1304 sermonis
995 1243 1069 1302 idem
1089 1243 1131 1304 as·

105 1315 222 1396 figurarit
231 1317 349 1378 laudem.
377 1319 442 1394 Quo
463 1318 656 1398 ‚liquitquam
666 1319 791 1399 sapimus,
806 1319 970 1380 Terentium
982 1323 1019 1379 eli
1032 1317 1131 1380 Plauto

105 1395 245 1486 prelerre.
284 1395 329 1457 Ut
340 1414 404 1455 cum
419 1415 491 1461 eum.
511 1393 557 1474 qui
571 1396 679 1456 excellit
701 1399 729 1455 in
743 1396 850 1473 majori,
870 1397 957 1476 magia
977 1417 1059 1476 quam
1082 1399 1131 1476 qui

105 1489 136 1532 to
146 1475 258 1543 minori.
271 1473 385 1534 dicimus
398 1474 539 1534 excellere.
579 1473 681 1553 Neque
692 1475 770 1532 causa
785 1475 912 1546 initalia,
935 1494 1030 1553 quare,
1053 1473 1131 1556 quod

106 1549 253 1613 observant
266 1569 381 1624 vererer,
414 1553 487 1611 idem
510 1551 612 1624 Varro,
631 1554 716 1612 etiam
732 1553 898 1623 Menandro,
920 1555 946 1612 in
969 1554 1129 1630 quibuldam

107 1630 258 1722 praetulerit
272 1630 448 1691 Terentium.
478 1629 604 1708 Exempli
618 1629 706 1699 causa,
720 1631 911 1710 Adelphorum
925 1631 1012 1692 initio.
1031 1633 1132 1770 Neque

106 1708 258 1770 immeriti).
306 1707 423 1770 lvfirifice
449 1709 534 1780 enim,
566 1725 629 1766 eum
651 1709 727 1780 alibi,
748 1725 804 1768 tum
828 1709 866 1767 ibi
888 1726 983 1788 regnat
1005 1711 1034 1770 ri
1061 1709 1130 1776 lar.

108 1783 191 1844 Idem
206 1791 306 1860 Varro,
324 1805 388 1846 cum
407 1786 556 1879 tragediae,
581 1787 734 1856 comoedia,
764 1805 797 1848 ac
823 1787 918 1864 satyra
939 1786 1049 1864 effingat
1075 1783 1136 1846 for-¹

108 1881 179 1934 mna,
198 1867 265 1946 quid
288 1867 324 1924 de
347 1865 435 1924 nostro
448 1865 563 1942 Judieer,
583 1863 679 1926 diserte
699 1863 831 1944 expreliit.
872 1861 1035 1926 Ubertatem
1057 1864 1131 1924 euim

109 1942 206 2004 tribuit
216 1943 364 2023 tragedia,
384 1963 467 2020 quam
487 1944 536 2004 dat
549 1945 699 2004 Paccurio:
719 1945 900 2024 gracilitatem
919 1942 1024 2019 satyrae,
1045 1961 1130 2021 quam

109 2019 206 2082 tribuit
221 2023 348 2088 Lucilio:
369 2021 586 2081 mediocritatem
606 2041 672 2084 nero
694 2021 846 2092 comoediae,
865 2041 948 2102 quam
961 2022 1010 2079 dat
1023 2021 1132 2080 Tereo·

108 2099 160 2160 tio.
200 2103 245 2162 Ut
258 2102 276 2160 fi
289 2101 348 2180 quir
363 2100 500 2158 uberrimo
512 2099 638 2160 sermonis
679 2119 760 2161 enere
782 2102 920 2160 heroicum
939 2097 1050 2158 deliniat

108 2191 167 2238 tatu
179 2203 187 2238 :
200 2180 292 2240 dr'ho'c
306 2178 406 2239 tribuat
415 2177 542 2256 Virgilio.
565 2175 649 2236 Aulus
659 2120 906 2248 beliatlibmll.
918 2196 978 2254 cap.
989 2177 1045 2235 xiii.
1081 2199 1130 2236 era

109 2271 195 2316 meret
209 2257 246 2319 δ’
255 2259 363 2336 propria
377 2257 495 2335 ejusmodi
501 2259 654 2329 firmarunt
669 2257 796 2336 exempla,
815 2259 842 2314 itt
855 2255 943 2334 lingua
958 2253 1065 2322 Latina,
1085 2251 1130 2315 M.

110 2335 196 2395 rm
207 2339 255 2415 effe
267 2339 339 2408 dicit,
350 2332 658 2405 ubertatir'l'actrtvirtrt,
689 2336 832 2395 ratilitatir
844 2332 979 2403 lucilium,
997 2337 1131 2393 meriiecri·
1151 2346 1157 2357 ⁴

109 2420 175 2473 tatis
186 2409 339 2475 Terentium.
378 2414 449 2493 Qae
460 2414 498 2472 eii
509 2410 545 2472 de
567 2433 628 2473 com
676 2415 718 2486 iae,
745 2412 975 2492 quemadmodum
992 2414 1018 2469 in
1033 2410 1132 2471 scholia

111 2492 257 2573 loquimur,
280 2493 397 2553 essentia.
430 2490 503 2550 Cum
516 2492 625 2551 Pleume
637 2493 704 2571 saepe
719 2495 832 2627 tragico,
856 2508 1048 2567 nonnunquam
1062 2509 1132 2567 quo·

132 2590 166 2630 ue
190 2572 270 2643 letio,
284 2574 398 2630 'utatun
437 2568 603 2649 Qqanquam
622 2571 661 2629 ibi
677 2571 739 2629 saue
763 2588 849 2639 mmo,
872 2586 903 2627 ut
921 2570 1011 2645 priore
1033 2564 1131 2629 locat

111 2592 238 2709 i'artone
261 2650 401 2729 accipitur.
440 2651 534 2708 Sermo
556 2650 630 2707 enim
649 2654 675 2707 aa
697 2650 727 2708 ri
752 2648 810 2715 »ibae
832 2646 969 2715 differunt,
992 2658 1022 2703 ut
1043 2642 1130 2703 homo

111 2726 334 2806 prudentiffimur,
366 2732 392 2785 ie
419 2725 530 2785 immina
556 2746 618 2804 qoae
644 2744 710 2803 pure
732 2725 861 2809 loquitur.
912 2722 1006 2802 Qralis
1030 2722 1131 2780 dicitur

113 2806 304 2865 Gracchorum
330 2818 425 2863 mater.
466 2806 699 2883 Unumquemque
720 2805 793 2863 enim
818 2804 889 2863 redte
912 2802 1075 2877 exprimere,
1108 2802 1132 2857 aa

114 2881 262 2943 humanam
275 2885 380 2963 optime
400 2882 536 2941 delineare
559 2884 655 2954 vitam,
676 2882 792 2940 summus
813 2897 896 2959 atque
922 2894 1057 2936 extremus
1082 2878 1133 2935 viri

114 2977 198 3041 atque
210 2962 325 3021 audieris
344 2962 457 3019 maximi
469 2976 581 3020 conatur
600 2960 646 3019 eli.
686 2956 773 3019 Remi
785 2958 956 3038 grammatici
980 2956 1014 3013 ad
1027 2958 1133 3032 Sopho·
1210 3006 1213 3020 ,

113 3042 201 3100 elem:
217 3040 311 3105 'unii
329 3038 389 3104 eden
403 3046 532 3117 pipernrir
549 3036 677 3118 ποιητικῇ,
702 3038 773 3101 intur
795 3036 868 3102 ilo.
910 3032 956 3102 Eli
969 3052 1054 3094 aretem
1068 3032 1137 3090 illud

114 3125 250 3178 mimate
262 3126 291 3178 irt
300 3122 405 3193 peitire,
425 3123 564 3193 exprimere
575 3116 654 3175 ethos.
694 3114 823 3175 Debebat
835 3112 916 3172 addid
921 3112 963 3170 ille
975 3118 1002 3169 in
1016 3111 1135 3169 Drama·
1167 3179 1171 3191 ,

114 3202 166 3255 tica
175 3200 328 3273 prasertim.
367 3195 404 3253 Et
417 3196 549 3255 Horatius
572 3210 628 3252 tam
643 3192 744 3263 multia,
766 3194 851 3250 vitam
879 3190 1016 3269 tragoediae
1035 3192 1064 3249 ri
1077 3188 1134 3255 ibae

113 3275 164 3333 elie
185 3275 278 3333 docuit
299 3272 453 3333 Aristotelea
473 3292 546 3342 tero,
579 3274 663 3330 etiam
689 3274 717 3331 iu
741 3270 885 3347 tragoedia,
916 3270 972 3347 post
987 3268 1132 3326 Aiiionem

115 3358 205 3431 (quam
218 3352 350 3412 Fabulam
370 3354 529 3429 plerumque
549 3353 638 3423 vocat)
659 3368 720 3427 qoae
738 3346 854 3407 effentiae
876 3366 936 3423 para
952 3348 1049 3422 prima,
1071 3364 1133 3421 par·

115 3447 169 3491 tem
184 3430 299 3491 ed'errtiae
319 3430 464 3489 secundum
485 3428 620 3488 constituit
645 3430 674 3487 ri
692 3426 759 3495 idne.
800 3426 905 3486 Mirum
918 3426 954 3483 eil
968 3440 1070 3492 autem,
1091 3422 1132 3479 lo-

115 3527 175 3567 cum
189 3508 657 3568 Vanonisauemineinretleetum.
696 3508 753 3582 Qri
775 3523 837 3563 cum
859 3504 977 3581 palmam
1006 3502 1035 3559 in
1053 3519 1134 3577 argu-

115 3587 210 3647 mentis
224 3586 335 3647 Caecilio
348 3586 482 3657 concedit,
502 3586 651 3662 principem
666 3582 807 3642 comoediae
831 3581 902 3640 haud
922 3580 1007 3639 dubio
1030 3579 1137 3636 Caecili-

117 3685 160 3723 um
174 3665 319 3723 constituit,
355 3662 470 3743 Qarei
504 3666 568 3723 Para
582 3662 720 3741 tragoediae
732 3662 866 3739 precipua
885 3660 921 3717 est
934 3672 1134 3735 argumentum.

115 3744 269 3801 Aristoteles
282 3742 366 3802 modo
378 3743 465 3818 pidre,
484 3741 568 3799 modo
580 3737 779 3822 adrapasprirur
799 3738 913 3805 cirinen,
932 3754 1029 3793 vocare
1045 3732 1109 3791 solet
1130 3753 1139 3793 a

135 3824 161 3879 ui
174 3826 200 3880 le
214 3820 305 3880 multia
318 3823 427 3897 probat,
449 3838 511 3877 eum
531 3819 578 3897 qui
602 3820 655 3875 hac
668 3834 745 3895 parte
768 3818 888 3883 excellit,
910 3812 1011 3871 etiamst
1035 3814 1136 3869 caetrris

116 3840 280 3969 destituatur,
301 3898 491 3957 Dramatieum
515 3899 627 3973 potitam
647 3894 700 3953 dici
727 3896 807 3971 posse.
847 3894 910 3952 Para
923 3889 1038 3948 iocunda
1051 3889 1087 3979 eli
1109 3892 1138 3951 ai

93 3974 178 4044 ¹a'lnt·
221 3975 351 4035 uodcittn
365 3977 500 4036 Terentio
518 3975 656 4051 affignavit
681 3968 782 4041 Varro,
805 3972 896 4029 locum
921 3969 958 4025 illi
983 3986 1137 4043 proximum

116 4072 148 4114 oo
216 4056 248 4113 it.
288 4052 372 4132 Qod
398 4073 452 4111 nnn
475 4054 559 4129 potell
582 4054 716 4129 ignorare,
736 4052 785 4129 qui
806 4050 930 4124 antiquos
950 4047 1066 4115 criticos,
1087 4046 1138 4103 im·

116 4133 206 4209 primia
229 4146 321 4190 autem
336 4132 519 4198 Aristotelem,
540 4148 602 4187 cum
613 4149 676 4187 cura
687 4128 764 4206 legit,
788 4145 819 4185 ae
834 4124 969 4201 iutelligit.
1004 4123 1139 4181 Sermonis

116 4212 186 4271 enim
195 4212 264 4279 laur,
286 4228 369 4289 quam
383 4210 480 4270 Plauto
493 4208 574 4268 tribui
600 4206 635 4268 ab
651 4226 686 4265 eo
698 4208 805 4278 volunt,
833 4220 938 4265 tantum
949 4202 1021 4261 abest
1034 4217 1139 4335 utleum

639 4286 688 4346 i2
1038 4295 1149 4355 terquu
