2892 4775
518 47 1157 178 enonnoomnna

324 215 460 293 mancipia
473 213 618 292 deportata
635 211 788 290 putandum
809 213 854 272 eil.
890 213 987 270 Servos
1000 214 1074 272 enim
1090 229 1137 272 aut
1156 210 1171 272 ὲ
1188 213 1351 292 populorum

324 293 478 352 nominibus
492 291 638 361 vocabant,
658 290 676 348 ὲ
697 289 795 367 quibus
810 291 996 361 vectabantur,
1018 308 1049 349 ut
1069 291 1180 369 Lydum
1196 298 1351 370 &Syrumz

252 404 255 409 ·
323 387 372 430 aut
385 371 416 430 iis
431 369 552 428 maxime
569 377 631 447 quae
645 369 695 428 illis
709 373 736 426 in
756 370 819 426 locis
835 369 920 446 magis
935 388 965 426 ac
979 370 1065 464 magis
1078 370 1204 448 usurpata
1217 389 1305 445 erant,
1320 387 1352 432 ut

208 462 230 534 ἶ.
324 450 441 508 Manem
451 455 477 507 δι
490 448 610 518 Midam,
625 468 659 505 ex
671 448 807 523 Phrygia:
830 447 1009 524 Tibtt'tmque,
1030 449 1252 527 ePaphlagnnia.

364 530 471 588 Servius
484 531 511 585 in
525 527 642 604 primam
655 526 787 602 Eclogam
802 524 997 603 Virg.'Etia1n
1012 527 1064 586 hoc
1078 527 1225 596 sciendum,
1248 533 1274 586 or
1287 547 1352 604 per·

325 604 401 664 sonas
417 605 494 680 hujus
507 607 595 680 operis
609 602 754 678 ex‘majori
774 618 850 680 parte
872 606 981 681 nomina
995 602 1030 660 de
1045 604 1122 661 rebus
1136 607 1234 664 rusticis
1249 605 1352 664 babere

325 684 458 742 confidla:
480 701 510 742 ut
524 681 680 752 Meliboeus,
702 687 739 741 ὅτι
752 688 821 758 μέγα
840 679 908 760 ἀντῷ
927 684 972 742 mir
988 682 1060 750 βοῦν.
1082 680 1156 760 qudd
1172 702 1265 741 curam
1280 686 1353 762 gerit

325 762 421 822 boum.
461 763 499 820 Et
513 763 627 837 Tityrus
642 782 657 826 ε,
671 779 734 818 nam
749 759 891 828 Laconum
914 760 1005 838 lingua
1019 760 1134 836 Tityrus
1159 761 1259 822 dicitur
1282 765 1352 820 aries

325 839 424 916 major,
451 842 497 916 qui
512 858 621 918 gregem
646 839 749 896 anteire
768 836 934 896 consueverit
950 861 958 902 r
980 838 1046 898 stcut
1063 839 1146 899 etiarn
1164 842 1190 898 in
1210 841 1352 898 comoedi'u

325 918 486 976 invenimus.
518 919 593 975 Nam
611 915 777 993 Pamphilus,
797 919 920 974 elltotus
940 937 1052 977 amana:
1084 917 1256 994 Glycerium,
1276 918 1352 996 quifi

326 995 411 1056 dulcis
422 995 537 1054 mulier:
559 995 727 1064 Philumena,
748 995 880 1052 amabilis.

365 1077 421 1149 Qui
442 1075 476 1130 de
497 1075 637 1132 nominum
661 1074 830 1151 propriorum
855 1087 950 1148 etymo
976 1077 1001 1132 de
1023 1069 1248 1154 interpretatione
1271 1077 1352 1154 plura

325 1151 389 1212 scire
404 1155 488 1221 volet,
510 1154 573 1209 huic
587 1151 725 1224 adeundus
741 1152 778 1208 eli
789 1151 915 1226 Cratylus
926 1152 1053 1222 Platonis.

364 1231 489 1290 Erasmus
513 1231 539 1287 in
563 1231 778 1299 Commentario,
809 1229 851 1286 De
863 1252 949 1288 rerum
962 1236 1057 1307 copia:
1087 1233 1193 1292 Comici
1215 1231 1352 1311 praecipu}

324 1307 490 1366 varietatem‘
506 1309 532 1382 in
552 1307 671 1382 ejusdem
692 1327 802 1385 quoque
816 1309 920 1386 generis
934 1309 1050 1385 perionis
1062 1311 1195 1368 affedlasse
1208 1314 1348 1372 videntur.

356 1387 400 1444 uid
414 1388 487 1446 enim
501 1386 656 1454 diffimilius,
677 1385 760 1463 quim
785 1385 893 1444 Demea
912 1407 944 1444 ac
964 1387 1048 1445 Mitlo
1072 1389 1144 1468 apud
1157 1391 1351 1450 Terentium?

324 1389 450 1545 &orum
465 1465 508 1524 hic
527 1485 612 1543 quum
635 1465 719 1522 etiam
736 1463 884 1542 graviffimd
905 1466 989 1524 lilium
1002 1465 1140 1544 objurgat,
1167 1468 1279 1526 blandus
1294 1468 1350 1524 ell:

322 1544 371 1602 ille
384 1564 467 1623 quum
486 1539 604 1600 maxime
627 1543 773 1610 blanditur,
794 1543 997 1602 amarulentus:
1020 1548 1045 1602 ar
1067 1561 1157 1604 tamen
1182 1563 1295 1622 uterque
1309 1545 1351 1603 se·

323 1641 389 1692 nex,
409 1639 492 1700 atque
515 1619 585 1678 adei>
607 1620 714 1680 fratres.
756 1622 831 1703 Quid
847 1622 983 1692 diverfius,
1004 1621 1229 1700 quamohrem
1243 1628 1350 1718 semper

323 1701 444 1778 placidus
459 1719 491 1758 ac
503 1700 597 1766 civilis,
619 1703 642 1756 de
657 1702 734 1757 Simo
744 1702 888 1758 vehemens
910 1721 942 1759 ac
959 1698 1111 1776 suspiciosus
1129 1707 1140 1762 i
1175 1704 1245 1761 ltem
1265 1719 1350 1779 quarn

323 1779 481 1856 Pamphilus
504 1778 638 1847 cordatus,
657 1782 684 1834 ’ἅ
706 1781 839 1837 Chminus
859 1782 936 1856 inops
952 1779 1040 1838 animi
1052 1777 1241 1858 confiliisquel
1272 1781 1350 1857 Qid

324 1871 382 1917 tarn
401 1858 532 1925 dissimile,
552 1855 635 1934 quarn
649 1857 773 1914 Phaedria
786 1877 848 1916 curn
869 1859 968 1916 morbo
990 1877 1120 1936 pugnans,
1145 1862 1296 1928 &Chaerea
1309 1861 1351 1916 ni-

323 1935 364 1995 bil
380 1939 481 1994 habens
494 1935 588 2013 pensi?
618 1934 742 1993 Multum
759 1937 822 1994 item
837 1937 944 1994 interest
964 1937 1034 1994 inter
1047 1939 1157 1996 Dauum
1195 1937 1350 1998 ertinaciffi·

323 2033 401 2073 mum
414 2012 536 2090 sperandi
556 2015 704 2082 auctorem,
723 2019 748 2070 δι
761 2015 902 2090 Byrthiam
914 2015 992 2072 nihil
1016 2031 1112 2090 praeter
1133 1958 1350 2091 delherationem

324 2092 493 2150 afferentem.
533 2091 680 2150 Plurimum
701 2095 771 2150 inter
796 2092 939 2166 parmrunr
958 2094 1137 2152 Gnathonem
1161 2097 1185 2152 δι
1205 2095 1349 2152 Phormio·

231 2168 247 2194 ⁴
322 2191 412 2230 nem:
432 2175 456 2228 a
476 2169 511 2228 ab
534 2189 650 2248 utrisque
673 2167 752 2248 longe
766 2169 889 2230 diffident
902 2169 1008 2248 paralisi
1022 2171 1147 2241 Plautini,
1167 2173 1351 2252 quemadmo-

322 2253 390 2308 dum
406 2255 430 2306 &
446 2249 523 2322 hujus
536 2249 690 2308 meretrices
704 2247 720 2306 ὲ
737 2250 908 2308 Terentianis
931 2249 1077 2328 plurimlmt
1092 2251 1253 2328 discrepant.
1288 2252 1351 2308 Te·

323 2329 424 2388 tentius
451 2328 605 2384 meretrices
627 2327 825 2405 propemodum
848 2327 932 2386 bonas
955 2327 1041 2405 lingit,
1076 2329 1159 2386 veluti
1182 2329 1350 2390 Philotin&

322 2406 488 2465 Bacchidem
502 2408 529 2462 in
541 2406 671 2480 Hecyra:
694 2405 800 2465 Plautus
814 2406 887 2465 senes
897 2425 1029 2476 amantes,
1050 2426 1082 2465 ac
1096 2408 1211 2477 festivos,
1236 2410 1260 2466 dt
1280 2428 1349 2467 uxo-

321 2484 395 2544 ribus
416 2484 579 2543 veteratorii:
599 2486 783 2560 imponentes:
803 2506 959 2563 quanquam
980 2484 1044 2547 aliis
1070 2487 1228 2544 Euclionem
1254 2486 1349 2565 prodi-

322 2562 396 2642 giose
408 2580 530 2619 tenacem
541 2584 573 2619 ac
587 2561 753 2638 suspiciosum
767 2562 843 2621 facit.
886 2566 1024 2623 Haclenus
1038 2564 1170 2622 Erasmus.

362 2642 471 2697 Andros
490 2641 574 2699 insula
594 2642 641 2710 eli,
662 2660 715 2699 una
734 2660 769 2697 ex
787 2641 962 2715 Cycladibus,
982 2643 1088 2701 inmari
1103 2645 1212 2721 AEgaen.
1238 2642 1273 2701 ab
1289 2645 1348 2703 An·

321 2717 374 2777 dro
393 2720 458 2777 Anii
480 2720 535 2777 lilio
549 2720 596 2797 qui
617 2720 643 2775 in
663 2738 695 2774 ea
710 2721 842 2795 regnavit,
864 2740 963 2779 nomen
979 2720 1081 2779 sortita.
1122 2719 1205 2779 Porri>
1219 2722 1346 2799 AEgaeum

203 2861 208 2867 ,
321 2818 398 2857 mare
423 2798 506 2854 hodie
529 2799 627 2865 nautis,
648 2794 729 2874 vulgo
752 2796 852 2855 dicitnr
867 2798 998 2877 Archipel,
1017 2800 1149 2857 nonnullis
1162 2800 1345 2877 Archipelago.

321 2877 431 2933 Andros
455 2896 526 2933 nunc
543 2875 639 2938 iisdem
659 2890 773 2932 vocatur
788 2878 886 2945 Andro,
908 2878 1039 2955 plerisque
1055 2878 1167 2937 Andria.
1210 2882 1282 2937 Hinc
1294 2879 1344 2936 ad·
1391 2948 1400 2955 .

317 2952 448 3030 jeclivum
460 2954 587 3024 Andrias,
608 2954 679 3011 unde
694 2960 718 3011 aa
733 2954 795 3011 hnic
809 2953 907 3013 fabulae
922 2975 1028 3013 nomen.
1052 2955 1165 3027 AEne'as,
1179 2958 1216 3015 ait
1228 2958 1348 3016 Laclan-

248 3102 253 3111 ‘
323 3033 384 3102 tius,
405 3051 559 3109 compatre
574 3032 689 3094 Anchise
713 3038 738 3090 da
760 3031 814 3090 filio
837 3032 952 3091 Ascanio
977 3032 1106 3111 profugus
1133 3036 1234 3093 Delum
1260 3036 1346 3095 venit.

281 3177 285 3186 .
321 3110 379 3169 Hic
391 3112 427 3168 ab
441 3112 513 3169 Anio
524 3110 661 3169 sacerdote
676 3108 808 3186 Apollinis
822 3112 950 3188 recipitur
964 3112 1089 3187 hospitio,
1106 3114 1154 3189 qui
1167 3115 1218 3173 illis
1232 3114 1346 3185 indicat,

322 3192 443 3269 quinque
466 3189 492 3247 le
510 3188 623 3249 filiarum
642 3206 781 3267 parentem
797 3190 893 3247 orbum
908 3190 1038 3247 relictum.
1080 3190 1205 3248 Andrum
1224 3196 1309 3257 enim,
1329 3192 1347 3252 a

320 3266 378 3345 qud
401 3267 509 3324 Andros
533 3267 625 3338 insula,
653 3266 786 3343 reliquisse
813 3272 939 3345 patriam,
959 3272 1008 3327 &c
1050 3266 1167 3327 Ovidius
1183 3270 1254 3330 libro
1272 3272 1349 3347 deci-¹

320 3347 449 3405 motertiu
463 3346 613 3414 Metamor,
634 3344 670 3403 de
680 3344 771 3401 AEnea
783 3345 893 3422 loquens
910 3368 916 3403 ε

381 3458 383 3464 ·
399 3423 473 3479 Hunc
486 3424 575 3492 Anius,
596 3446 641 3500 qno
651 3424 837 3499 regebamus,
857 3428 973 3502 antifh'te
990 3420 1103 3482 phebus

399 3500 461 3557 Rite
472 3502 615 3570 colebatur,
635 3502 770 3579 templique
781 3502 896 3579 domo‘que
908 3508 1010 3579 recepit.

360 3577 461 3655 Virgil.
475 3600 585 3656 quoque
594 3580 665 3636 libro
680 3582 760 3637 tertio
772 3580 883 3654 AEneid.
897 3581 932 3637 de
943 3581 1026 3639 insula
1038 3580 1113 3639 Delo
1127 3580 1210 3639 verba
1222 3578 1342 3640 latiens:
1370 3616 1380 3627 ·

398 3683 478 3708 --·
489 3658 579 3735 egreffl
591 3680 749 3715 veneramur
762 3658 885 3733 Apollinis
894 3659 989 3716 urbem.

397 3738 456 3793 Rex
472 3738 561 3807 Anius,
581 3759 630 3793 rex
641 3739 705 3794 idem
717 3736 855 3806 hominum,
877 3736 1018 3814 Pbabz'que
1024 3740 1154 3815 sacerdos,

398 3816 479 3873 Vittis
491 3812 526 3873 (θ’
531 3820 614 3889 littra
627 3819 757 3873 redimitus
765 3830 877 3891 tempora
886 3816 962 3872 lernen

396 3895 524 3952 Occurrit
535 3914 545 3950 :
566 3910 680 3951 veterem
691 3894 821 3965 Anchisem
835 3898 948 3971 agnoscit
958 3898 1075 3952 amicum.

395 3972 536 4049 Jungimrrs
549 3972 654 4047 bospitio
667 3976 786 4039 dextras,
807 3969 842 4030 ὅ
856 3986 927 4028 tecta
933 3969 1057 4046 subimus.

355 4048 487 4115 Pastbdla,
510 4052 578 4109 verti
613 4050 688 4119 otest,
710 4048 822 4108 omnibus
836 4051 982 4121 ton'salens:
1003 4050 1166 4123 maenianis,
1189 4054 1345 4128 universtrs:

245 4174 248 4177 -
316 4125 396 4201 Beni,
414 4130 553 4209 cotfilium.
580 4070 658 4213 ⁴hius
673 4128 776 4208 quippe
802 4130 904 4207 agnitio
931 4130 1031 4187 nemini
1053 4150 1107 4189 non
1122 4130 1262 4202 consuluit,
1287 4152 1347 4221 qm·

1273 4228 1350 4269 ntum
