<?xml version="1.0" encoding="UTF-8"?>
<!DOCTYPE html PUBLIC "-//W3C//DTD XHTML 1.0 Transitional//EN"
    "http://www.w3.org/TR/xhtml1/DTD/xhtml1-transitional.dtd">
<html xmlns="http://www.w3.org/1999/xhtml" xml:lang="en" lang="en">
 <head>
  <title>
</title>
<meta http-equiv="Content-Type" content="text/html;charset=utf-8" />
  <meta name='ocr-system' content='tesseract 3.04.00' />
  <meta name='ocr-capabilities' content='ocr_page ocr_carea ocr_par ocr_line ocrx_word'/>
</head>
<body>
  <div class='ocr_page' id='page_1' title='image "./pterentiicartha00camugoog/pterentiicartha00camugoog_0141.png"; bbox 0 0 2892 4775; ppageno 0'>
   <div class='ocr_carea' id='block_1_1' title="bbox 321 117 1278 212">
    <p class='ocr_par' dir='ltr' id='par_1_1' title="bbox 321 117 1278 212">
     <span class='ocr_line' id='line_1_1' title="bbox 321 117 1278 212; baseline 0.004 -17"><span class='ocrx_word' id='word_1_1' title='bbox 321 117 881 198; x_wconf 73' lang='lat' dir='ltr'><em>TERENTIANA.</em></span> <span class='ocrx_word' id='word_1_2' title='bbox 1166 123 1278 212; x_wconf 73' lang='lat' dir='ltr'><strong>cxxxi</strong></span> 
     </span>
    </p>
   </div>
   <div class='ocr_carea' id='block_1_2' title="bbox 68 243 1207 1590">
    <p class='ocr_par' dir='ltr' id='par_1_2' title="bbox 68 243 1110 618">
     <span class='ocr_line' id='line_1_2' title="bbox 68 243 1109 403; baseline 0.001 -19"><span class='ocrx_word' id='word_1_3' title='bbox 68 243 731 403; x_wconf 46' lang='lat' dir='ltr'><strong>Quillilt’t‘ltllt‘lnltlt‘?</strong></span> <span class='ocrx_word' id='word_1_4' title='bbox 741 243 1109 385; x_wconf 54' lang='lat' dir='ltr'><strong>liliiimliifflincll&#39;</strong></span> 
     </span>
     <span class='ocr_line' id='line_1_3' title="bbox 73 341 1109 480; baseline 0.001 -18"><span class='ocrx_word' id='word_1_5' title='bbox 73 342 490 480; x_wconf 47' lang='lat' dir='ltr'><strong>tfimusesuditffiunn&#39;quisque</strong></span> <span class='ocrx_word' id='word_1_6' title='bbox 502 343 588 460; x_wconf 65' lang='lat' dir='ltr'><strong>videt.</strong></span> <span class='ocrx_word' id='word_1_7' title='bbox 628 341 751 460; x_wconf 61' lang='lat' dir='ltr'><strong>Negium</strong></span> <span class='ocrx_word' id='word_1_8' title='bbox 764 399 811 456; x_wconf 91' lang='lat' dir='ltr'><strong>illo</strong></span> <span class='ocrx_word' id='word_1_9' title='bbox 824 401 899 459; x_wconf 86' lang='lat' dir='ltr'><strong>snmnl</strong></span> <span class='ocrx_word' id='word_1_10' title='bbox 913 347 1109 475; x_wconf 65' lang='lat' dir='ltr'><strong>u&#39;nsranimi,</strong></span> 
     </span>
     <span class='ocr_line' id='line_1_4' title="bbox 73 477 1110 615; baseline 0.005 -77"><span class='ocrx_word' id='word_1_11' title='bbox 73 483 223 615; x_wconf 76' lang='lat' dir='ltr'><strong>¹antiquum</strong></span> <span class='ocrx_word' id='word_1_12' title='bbox 251 481 398 614; x_wconf 51' lang='grc' dir='ltr'><strong>ιρπᾶξιξιω,</strong></span> <span class='ocrx_word' id='word_1_13' title='bbox 424 480 618 555; x_wconf 86' lang='lat' dir='ltr'><strong>condemnent,</strong></span> <span class='ocrx_word' id='word_1_14' title='bbox 637 477 713 554; x_wconf 79' lang='lat' dir='ltr'><strong>cujus</strong></span> <span class='ocrx_word' id='word_1_15' title='bbox 736 477 897 563; x_wconf 68' lang='lat' dir='ltr'><strong>utillimum</strong></span> <span class='ocrx_word' id='word_1_16' title='bbox 920 495 1005 560; x_wconf 84' lang='lat' dir='ltr'><strong>atque</strong></span> <span class='ocrx_word' id='word_1_17' title='bbox 1031 481 1110 543; x_wconf 82' lang='lat' dir='ltr'><strong>ubso-</strong></span> 
     </span>
     <span class='ocr_line' id='line_1_5' title="bbox 85 572 418 618; baseline -0.003 0"><span class='ocrx_word' id='word_1_18' title='bbox 85 572 256 618; x_wconf 82' lang='lat' dir='ltr'><strong>mnmertut</strong></span> <span class='ocrx_word' id='word_1_19' title='bbox 280 577 296 614; x_wconf 88' lang='lat' dir='ltr'><strong>u</strong></span> <span class='ocrx_word' id='word_1_20' title='bbox 317 576 418 617; x_wconf 82' lang='lat' dir='ltr'><strong>senum:</strong></span> 
     </span>
    </p>

    <p class='ocr_par' dir='ltr' id='par_1_3' title="bbox 161 577 692 717">
     <span class='ocr_line' id='line_1_6' title="bbox 161 577 692 717; baseline 0 -23"><span class='ocrx_word' id='word_1_21' title='bbox 161 577 278 695; x_wconf 77' lang='lat' dir='ltr'><strong>‘Terentii</strong></span> <span class='ocrx_word' id='word_1_22' title='bbox 291 635 454 713; x_wconf 76' lang='lat' dir='ltr'><strong>nonstmilem</strong></span> <span class='ocrx_word' id='word_1_23' title='bbox 464 639 530 696; x_wconf 66' lang='lat' dir='ltr'><strong>sices</strong></span> <span class='ocrx_word' id='word_1_24' title='bbox 541 639 692 717; x_wconf 78' lang='lat' dir='ltr'><strong>quempiam.</strong></span> 
     </span>
    </p>

    <p class='ocr_par' dir='ltr' id='par_1_4' title="bbox 75 713 1207 1590">
     <span class='ocr_line' id='line_1_7' title="bbox 106 713 1108 794; baseline 0.002 -20"><span class='ocrx_word' id='word_1_25' title='bbox 106 715 209 774; x_wconf 78' lang='lat' dir='ltr'><strong>Nobis</strong></span> <span class='ocrx_word' id='word_1_26' title='bbox 221 713 320 772; x_wconf 86' lang='lat' dir='ltr'><strong>eruditi</strong></span> <span class='ocrx_word' id='word_1_27' title='bbox 342 714 488 790; x_wconf 82' lang='lat' dir='ltr'><strong>ignoscent,</strong></span> <span class='ocrx_word' id='word_1_28' title='bbox 502 715 577 793; x_wconf 86' lang='lat' dir='ltr'><strong>quad</strong></span> <span class='ocrx_word' id='word_1_29' title='bbox 590 717 649 774; x_wconf 78' lang='lat' dir='ltr'><strong>haec</strong></span> <span class='ocrx_word' id='word_1_30' title='bbox 660 713 756 772; x_wconf 78' lang='lat' dir='ltr'><strong>susus:</strong></span> <span class='ocrx_word' id='word_1_31' title='bbox 777 713 796 772; x_wconf 83' lang='lat' dir='ltr'>fi</span> <span class='ocrx_word' id='word_1_32' title='bbox 814 713 936 792; x_wconf 78' lang='lat' dir='ltr'><strong>cogitent</strong></span> <span class='ocrx_word' id='word_1_33' title='bbox 949 715 1108 794; x_wconf 82' lang='lat' dir='ltr'><strong>psaesestinn,</strong></span> 
     </span>
     <span class='ocr_line' id='line_1_8' title="bbox 77 792 1108 884; baseline 0.003 -33"><span class='ocrx_word' id='word_1_34' title='bbox 77 811 170 882; x_wconf 78' lang='lat' dir='ltr'><strong>mnne</strong></span> <span class='ocrx_word' id='word_1_35' title='bbox 193 793 251 851; x_wconf 87' lang='lat' dir='ltr'><strong>veri</strong></span> <span class='ocrx_word' id='word_1_36' title='bbox 271 793 359 851; x_wconf 86' lang='lat' dir='ltr'><strong>critici</strong></span> <span class='ocrx_word' id='word_1_37' title='bbox 373 792 426 851; x_wconf 88' lang='lat' dir='ltr'><strong>esse</strong></span> <span class='ocrx_word' id='word_1_38' title='bbox 439 811 473 852; x_wconf 80' lang='lat' dir='ltr'><strong>ec</strong></span> <span class='ocrx_word' id='word_1_39' title='bbox 485 793 611 862; x_wconf 81' lang='lat' dir='ltr'><strong>censoris,</strong></span> <span class='ocrx_word' id='word_1_40' title='bbox 631 812 685 852; x_wconf 91' lang='lat' dir='ltr'><strong>non</strong></span> <span class='ocrx_word' id='word_1_41' title='bbox 704 793 840 851; x_wconf 84' lang='lat' dir='ltr'><strong>liternlam</strong></span> <span class='ocrx_word' id='word_1_42' title='bbox 854 792 951 884; x_wconf 73' lang='lat' dir='ltr'><strong>ejicere</strong></span> <span class='ocrx_word' id='word_1_43' title='bbox 965 797 1039 864; x_wconf 88' lang='lat' dir='ltr'><strong>alibi,</strong></span> <span class='ocrx_word' id='word_1_44' title='bbox 1059 811 1108 854; x_wconf 83' lang='lat' dir='ltr'><strong>aut</strong></span> 
     </span>
     <span class='ocr_line' id='line_1_9' title="bbox 76 868 1109 1027; baseline 0.005 -21"><span class='ocrx_word' id='word_1_45' title='bbox 76 868 407 1020; x_wconf 67' lang='lat' dir='ltr'><strong>lltf‘tsllltll‘ll</strong></span> <span class='ocrx_word' id='word_1_46' title='bbox 422 871 581 1010; x_wconf 66' lang='lat' dir='ltr'><strong>,lillis</strong></span> <span class='ocrx_word' id='word_1_47' title='bbox 594 871 1109 1027; x_wconf 54' lang='lat' dir='ltr'><strong>litte{liltsllnlttlil</strong></span> 
     </span>
     <span class='ocr_line' id='line_1_10' title="bbox 76 1025 1107 1106; baseline 0.002 -22"><span class='ocrx_word' id='word_1_48' title='bbox 76 1031 103 1084; x_wconf 77' lang='lat' dir='ltr'><strong>te</strong></span> <span class='ocrx_word' id='word_1_49' title='bbox 121 1027 259 1086; x_wconf 81' lang='lat' dir='ltr'><strong>absolutae</strong></span> <span class='ocrx_word' id='word_1_50' title='bbox 279 1025 436 1084; x_wconf 78' lang='lat' dir='ltr'><strong>eruditionis</strong></span> <span class='ocrx_word' id='word_1_51' title='bbox 464 1027 508 1086; x_wconf 83' lang='lat' dir='ltr'><strong>esi.</strong></span> <span class='ocrx_word' id='word_1_52' title='bbox 551 1028 627 1097; x_wconf 78' lang='lat' dir='ltr'><strong>Quo,</strong></span> <span class='ocrx_word' id='word_1_53' title='bbox 658 1031 689 1086; x_wconf 87' lang='lat' dir='ltr'><strong>ai</strong></span> <span class='ocrx_word' id='word_1_54' title='bbox 715 1027 804 1098; x_wconf 77' lang='lat' dir='ltr'><strong>sellus,</strong></span> <span class='ocrx_word' id='word_1_55' title='bbox 825 1045 917 1086; x_wconf 78' lang='lat' dir='ltr'><strong>omnes</strong></span> <span class='ocrx_word' id='word_1_56' title='bbox 943 1028 1107 1106; x_wconf 75' lang='lat' dir='ltr'><strong>aspiramurn</strong></span> 
     </span>
     <span class='ocr_line' id='line_1_11' title="bbox 76 1105 1109 1196; baseline 0.006 -34"><span class='ocrx_word' id='word_1_57' title='bbox 76 1125 170 1184; x_wconf 73' lang='lat' dir='ltr'><strong>neque</strong></span> <span class='ocrx_word' id='word_1_58' title='bbox 184 1106 240 1164; x_wconf 82' lang='lat' dir='ltr'><strong>ulla</strong></span> <span class='ocrx_word' id='word_1_59' title='bbox 260 1105 288 1162; x_wconf 90' lang='lat' dir='ltr'><strong>in</strong></span> <span class='ocrx_word' id='word_1_60' title='bbox 308 1122 338 1163; x_wconf 90' lang='lat' dir='ltr'><strong>re</strong></span> <span class='ocrx_word' id='word_1_61' title='bbox 360 1106 447 1185; x_wconf 80' lang='lat' dir='ltr'><strong>magis</strong></span> <span class='ocrx_word' id='word_1_62' title='bbox 470 1106 616 1196; x_wconf 69' lang='lat' dir='ltr'><strong>antiquitat</strong></span> <span class='ocrx_word' id='word_1_63' title='bbox 634 1107 742 1184; x_wconf 83' lang='lat' dir='ltr'><strong>praeivit</strong></span> <span class='ocrx_word' id='word_1_64' title='bbox 760 1107 848 1164; x_wconf 84' lang='lat' dir='ltr'><strong>nobis.</strong></span> <span class='ocrx_word' id='word_1_65' title='bbox 887 1105 935 1166; x_wconf 89' lang='lat' dir='ltr'><strong>De</strong></span> <span class='ocrx_word' id='word_1_66' title='bbox 955 1109 1109 1168; x_wconf 72' lang='lat' dir='ltr'><strong>nonoribus</strong></span> 
     </span>
     <span class='ocr_line' id='line_1_12' title="bbox 76 1183 1108 1264; baseline 0.005 -24"><span class='ocrx_word' id='word_1_67' title='bbox 76 1202 175 1243; x_wconf 84' lang='lat' dir='ltr'><strong>autem</strong></span> <span class='ocrx_word' id='word_1_68' title='bbox 188 1183 311 1251; x_wconf 77' lang='lat' dir='ltr'><strong>comicis3</strong></span> <span class='ocrx_word' id='word_1_69' title='bbox 331 1196 392 1242; x_wconf 88' lang='lat' dir='ltr'><strong>uter</strong></span> <span class='ocrx_word' id='word_1_70' title='bbox 415 1185 510 1243; x_wconf 83' lang='lat' dir='ltr'><strong>melius</strong></span> <span class='ocrx_word' id='word_1_71' title='bbox 526 1185 650 1259; x_wconf 72' lang='lat' dir='ltr'><strong>judicare</strong></span> <span class='ocrx_word' id='word_1_72' title='bbox 671 1185 801 1264; x_wconf 85' lang='lat' dir='ltr'><strong>potuerit,</strong></span> <span class='ocrx_word' id='word_1_73' title='bbox 821 1184 843 1240; x_wconf 82' lang='lat' dir='ltr'><strong>is</strong></span> <span class='ocrx_word' id='word_1_74' title='bbox 857 1203 891 1241; x_wconf 93' lang='lat' dir='ltr'><strong>ne</strong></span> <span class='ocrx_word' id='word_1_75' title='bbox 905 1185 952 1262; x_wconf 89' lang='lat' dir='ltr'><strong>qui</strong></span> <span class='ocrx_word' id='word_1_76' title='bbox 965 1202 1047 1244; x_wconf 77' lang='lat' dir='ltr'><strong>aetate</strong></span> <span class='ocrx_word' id='word_1_77' title='bbox 1059 1186 1108 1246; x_wconf 75' lang='lat' dir='ltr'><strong>illu</strong></span> 
     </span>
     <span class='ocr_line' id='line_1_13' title="bbox 76 1259 1207 1342; baseline 0.003 -25"><span class='ocrx_word' id='word_1_78' title='bbox 76 1264 162 1332; x_wconf 79' lang='lat' dir='ltr'><strong>vixit,</strong></span> <span class='ocrx_word' id='word_1_79' title='bbox 180 1281 237 1340; x_wconf 89' lang='lat' dir='ltr'><strong>quo</strong></span> <span class='ocrx_word' id='word_1_80' title='bbox 249 1259 285 1320; x_wconf 82' lang='lat' dir='ltr'><strong>ad</strong></span> <span class='ocrx_word' id='word_1_81' title='bbox 304 1259 438 1321; x_wconf 87' lang='lat' dir='ltr'><strong>summum</strong></span> <span class='ocrx_word' id='word_1_82' title='bbox 449 1264 556 1323; x_wconf 87' lang='lat' dir='ltr'><strong>culmen</strong></span> <span class='ocrx_word' id='word_1_83' title='bbox 569 1261 654 1341; x_wconf 73' lang='lat' dir='ltr'><strong>poisie</strong></span> <span class='ocrx_word' id='word_1_84' title='bbox 676 1262 811 1342; x_wconf 80' lang='lat' dir='ltr'><strong>pervenit,</strong></span> <span class='ocrx_word' id='word_1_85' title='bbox 824 1265 871 1339; x_wconf 87' lang='lat' dir='ltr'><strong>qui</strong></span> <span class='ocrx_word' id='word_1_86' title='bbox 884 1265 967 1340; x_wconf 65' lang='lat' dir='ltr'><strong>poen</strong></span> <span class='ocrx_word' id='word_1_87' title='bbox 980 1263 1108 1336; x_wconf 77' lang='lat' dir='ltr'><strong>summus,</strong></span> <span class='ocrx_word' id='word_1_88' title='bbox 1203 1314 1207 1320; x_wconf 89' lang='lat'>.</span> 
     </span>
     <span class='ocr_line' id='line_1_14' title="bbox 75 1337 1109 1430; baseline 0.004 -34"><span class='ocrx_word' id='word_1_89' title='bbox 75 1337 199 1400; x_wconf 82' lang='lat' dir='ltr'><strong>summus</strong></span> <span class='ocrx_word' id='word_1_90' title='bbox 226 1339 343 1409; x_wconf 79' lang='lat' dir='ltr'><strong>criticus,</strong></span> <span class='ocrx_word' id='word_1_91' title='bbox 363 1341 532 1402; x_wconf 78' lang='lat' dir='ltr'><strong>familiariter</strong></span> <span class='ocrx_word' id='word_1_92' title='bbox 554 1361 617 1401; x_wconf 90' lang='lat' dir='ltr'><strong>cum</strong></span> <span class='ocrx_word' id='word_1_93' title='bbox 641 1342 745 1400; x_wconf 80' lang='lat' dir='ltr'><strong>Caesare</strong></span> <span class='ocrx_word' id='word_1_94' title='bbox 759 1341 880 1430; x_wconf 71' lang='lat' dir='ltr'><strong>Augusto</strong></span> <span class='ocrx_word' id='word_1_95' title='bbox 900 1359 932 1399; x_wconf 82' lang='lat' dir='ltr'><strong>ac</strong></span> <span class='ocrx_word' id='word_1_96' title='bbox 955 1343 1109 1400; x_wconf 77' lang='lat' dir='ltr'><strong>Maecenate</strong></span> 
     </span>
     <span class='ocr_line' id='line_1_15' title="bbox 77 1417 1108 1498; baseline 0.008 -25"><span class='ocrx_word' id='word_1_97' title='bbox 77 1421 159 1489; x_wconf 82' lang='lat' dir='ltr'><strong>vixit,</strong></span> <span class='ocrx_word' id='word_1_98' title='bbox 180 1436 330 1494; x_wconf 84' lang='lat' dir='ltr'><strong>eorumque</strong></span> <span class='ocrx_word' id='word_1_99' title='bbox 343 1437 427 1498; x_wconf 82' lang='lat' dir='ltr'><strong>atque</strong></span> <span class='ocrx_word' id='word_1_100' title='bbox 444 1421 560 1480; x_wconf 84' lang='lat' dir='ltr'><strong>aliorum</strong></span> <span class='ocrx_word' id='word_1_101' title='bbox 572 1421 698 1498; x_wconf 87' lang='lat' dir='ltr'><strong>qnotidie</strong></span> <span class='ocrx_word' id='word_1_102' title='bbox 711 1419 747 1476; x_wconf 93' lang='lat' dir='ltr'><strong>de</strong></span> <span class='ocrx_word' id='word_1_103' title='bbox 762 1421 801 1476; x_wconf 89' lang='lat' dir='ltr'><strong>his</strong></span> <span class='ocrx_word' id='word_1_104' title='bbox 809 1417 914 1492; x_wconf 78' lang='lat' dir='ltr'><strong>judicia</strong></span> <span class='ocrx_word' id='word_1_105' title='bbox 929 1419 1053 1486; x_wconf 69' lang='lat' dir='ltr'><strong>audierint</strong></span> <span class='ocrx_word' id='word_1_106' title='bbox 1072 1441 1108 1480; x_wconf 81' lang='lat' dir='ltr'><strong>au</strong></span> 
     </span>
     <span class='ocr_line' id='line_1_16' title="bbox 77 1496 1110 1590; baseline 0 -34"><span class='ocrx_word' id='word_1_107' title='bbox 77 1498 127 1574; x_wconf 84' lang='lat' dir='ltr'><strong>qui</strong></span> <span class='ocrx_word' id='word_1_108' title='bbox 140 1498 224 1557; x_wconf 84' lang='lat' dir='ltr'><strong>hodie</strong></span> <span class='ocrx_word' id='word_1_109' title='bbox 238 1496 334 1590; x_wconf 77' lang='lat' dir='ltr'><strong>harum</strong></span> <span class='ocrx_word' id='word_1_110' title='bbox 348 1517 437 1556; x_wconf 84' lang='lat' dir='ltr'><strong>serum</strong></span> <span class='ocrx_word' id='word_1_111' title='bbox 448 1499 528 1577; x_wconf 85' lang='lat' dir='ltr'><strong>plane</strong></span> <span class='ocrx_word' id='word_1_112' title='bbox 542 1499 661 1577; x_wconf 87' lang='lat' dir='ltr'><strong>imperiti</strong></span> <span class='ocrx_word' id='word_1_113' title='bbox 673 1496 799 1573; x_wconf 85' lang='lat' dir='ltr'><strong>judicant</strong></span> <span class='ocrx_word' id='word_1_114' title='bbox 811 1521 820 1561; x_wconf 69' lang='grc' dir='ltr'><strong><em>ς</em></strong></span> <span class='ocrx_word' id='word_1_115' title='bbox 841 1497 888 1576; x_wconf 89' lang='lat' dir='ltr'><strong>ipsi</strong></span> <span class='ocrx_word' id='word_1_116' title='bbox 901 1497 1028 1559; x_wconf 89' lang='lat' dir='ltr'><strong>viderint.</strong></span> <span class='ocrx_word' id='word_1_117' title='bbox 1106 1501 1110 1507; x_wconf 82' lang='grc'><em>“</em></span> 
     </span>
    </p>
   </div>
   <div class='ocr_carea' id='block_1_3' title="bbox 2 1639 1070 1778">
    <p class='ocr_par' dir='ltr' id='par_1_5' title="bbox 2 1639 1070 1778">
     <span class='ocr_line' id='line_1_17' title="bbox 2 1639 1070 1778; baseline 0.001 -78"><span class='ocrx_word' id='word_1_118' title='bbox 2 1724 3 1727; x_wconf 8' lang='lat'>¹</span> <span class='ocrx_word' id='word_1_119' title='bbox 117 1641 201 1700; x_wconf 87' lang='lat' dir='ltr'><strong>Idem</strong></span> <span class='ocrx_word' id='word_1_120' title='bbox 214 1643 264 1702; x_wconf 90' lang='lat' dir='ltr'><strong>lib.</strong></span> <span class='ocrx_word' id='word_1_121' title='bbox 278 1643 326 1702; x_wconf 90' lang='lat' dir='ltr'><strong>De</strong></span> <span class='ocrx_word' id='word_1_122' title='bbox 338 1640 546 1778; x_wconf 77' lang='lat' dir='ltr'><strong>Constitutiones</strong></span> <span class='ocrx_word' id='word_1_123' title='bbox 555 1642 713 1718; x_wconf 52' lang='lat' dir='ltr'><strong>tragoedia</strong></span> <span class='ocrx_word' id='word_1_124' title='bbox 735 1639 781 1698; x_wconf 89' lang='lat' dir='ltr'><strong>ubi</strong></span> <span class='ocrx_word' id='word_1_125' title='bbox 804 1640 841 1697; x_wconf 94' lang='lat' dir='ltr'><strong>de</strong></span> <span class='ocrx_word' id='word_1_126' title='bbox 859 1655 966 1699; x_wconf 85' lang='lat' dir='ltr'><strong>morato</strong></span> <span class='ocrx_word' id='word_1_127' title='bbox 980 1641 1070 1718; x_wconf 83' lang='lat' dir='ltr'><strong>agitur</strong></span> 
     </span>
     <span class='ocr_line' id='line_1_18' title="bbox 292 1739 660 1778; baseline 0 0"><span class='ocrx_word' id='word_1_128' title='bbox 292 1741 298 1755; x_wconf 68' lang='lat'>¹</span> <span class='ocrx_word' id='word_1_129' title='bbox 540 1739 660 1778; x_wconf 87' lang='lat' dir='ltr'><strong>ermone.</strong></span> 
     </span>
    </p>
   </div>
   <div class='ocr_carea' id='block_1_4' title="bbox 74 1809 1162 2989">
    <p class='ocr_par' dir='ltr' id='par_1_6' title="bbox 150 1809 1162 1890">
     <span class='ocr_line' id='line_1_19' title="bbox 150 1809 1162 1890; baseline -0.002 -18"><span class='ocrx_word' id='word_1_130' title='bbox 150 1816 227 1890; x_wconf 83' lang='lat' dir='ltr'><strong>Onge</strong></span> <span class='ocrx_word' id='word_1_131' title='bbox 238 1829 324 1872; x_wconf 84' lang='lat' dir='ltr'><strong>autem</strong></span> <span class='ocrx_word' id='word_1_132' title='bbox 335 1812 445 1872; x_wconf 87' lang='lat' dir='ltr'><strong>omnibus</strong></span> <span class='ocrx_word' id='word_1_133' title='bbox 451 1813 564 1889; x_wconf 84' lang='lat' dir='ltr'><strong>palmam</strong></span> <span class='ocrx_word' id='word_1_134' title='bbox 575 1814 662 1871; x_wconf 74' lang='lat' dir='ltr'><strong>iubae</strong></span> <span class='ocrx_word' id='word_1_135' title='bbox 667 1824 747 1889; x_wconf 77' lang='lat' dir='ltr'><strong>parte</strong></span> <span class='ocrx_word' id='word_1_136' title='bbox 755 1809 886 1869; x_wconf 71' lang='lat' dir='ltr'><strong>Terentius</strong></span> <span class='ocrx_word' id='word_1_137' title='bbox 891 1815 1041 1888; x_wconf 83' lang='lat' dir='ltr'><strong>praeripait.</strong></span> <span class='ocrx_word' id='word_1_138' title='bbox 1054 1811 1111 1870; x_wconf 89' lang='lat' dir='ltr'><strong>Cu·</strong></span> <span class='ocrx_word' id='word_1_139' title='bbox 1152 1849 1162 1858; x_wconf 94' lang='lat'><em>·</em></span> 
     </span>
    </p>

    <p class='ocr_par' dir='ltr' id='par_1_7' title="bbox 74 1889 1111 2989">
     <span class='ocr_line' id='line_1_20' title="bbox 158 1889 1110 1968; baseline -0.003 -19"><span class='ocrx_word' id='word_1_140' title='bbox 158 1892 218 1968; x_wconf 86' lang='lat' dir='ltr'><strong>jus,</strong></span> <span class='ocrx_word' id='word_1_141' title='bbox 231 1893 398 1968; x_wconf 81' lang='lat' dir='ltr'><strong>stnesumma</strong></span> <span class='ocrx_word' id='word_1_142' title='bbox 410 1893 556 1968; x_wconf 79' lang='lat' dir='ltr'><strong>voluptate,</strong></span> <span class='ocrx_word' id='word_1_143' title='bbox 571 1907 700 1948; x_wconf 87' lang='lat' dir='ltr'><strong>moratum</strong></span> <span class='ocrx_word' id='word_1_144' title='bbox 713 1910 757 1946; x_wconf 86' lang='lat' dir='ltr'><strong>rue</strong></span> <span class='ocrx_word' id='word_1_145' title='bbox 766 1889 849 1966; x_wconf 79' lang='lat' dir='ltr'><strong>legere</strong></span> <span class='ocrx_word' id='word_1_146' title='bbox 857 1911 900 1946; x_wconf 85' lang='lat' dir='ltr'><strong>nec</strong></span> <span class='ocrx_word' id='word_1_147' title='bbox 914 1894 1046 1948; x_wconf 85' lang='lat' dir='ltr'><strong>recordari</strong></span> <span class='ocrx_word' id='word_1_148' title='bbox 1052 1903 1110 1965; x_wconf 81' lang='lat' dir='ltr'><strong>pos·</strong></span> 
     </span>
     <span class='ocr_line' id='line_1_21' title="bbox 74 1966 1110 2047; baseline 0.002 -22"><span class='ocrx_word' id='word_1_149' title='bbox 74 1982 163 2040; x_wconf 76' lang='lat' dir='ltr'><strong>sumus</strong></span> <span class='ocrx_word' id='word_1_150' title='bbox 168 1973 319 2042; x_wconf 78' lang='lat' dir='ltr'><strong>sermonem.</strong></span> <span class='ocrx_word' id='word_1_151' title='bbox 345 1972 412 2028; x_wconf 84' lang='lat' dir='ltr'><strong>Sane</strong></span> <span class='ocrx_word' id='word_1_152' title='bbox 423 1983 481 2046; x_wconf 73' lang='lat' dir='ltr'><strong>pree</strong></span> <span class='ocrx_word' id='word_1_153' title='bbox 494 1969 598 2047; x_wconf 85' lang='lat' dir='ltr'><strong>reliquis</strong></span> <span class='ocrx_word' id='word_1_154' title='bbox 604 1966 773 2046; x_wconf 81' lang='lat' dir='ltr'><strong>scriptoribus</strong></span> <span class='ocrx_word' id='word_1_155' title='bbox 785 1971 897 2026; x_wconf 83' lang='lat' dir='ltr'><strong>decorum</strong></span> <span class='ocrx_word' id='word_1_156' title='bbox 910 1970 1061 2027; x_wconf 78' lang='lat' dir='ltr'><strong>intellexit:</strong></span> <span class='ocrx_word' id='word_1_157' title='bbox 1076 1992 1110 2027; x_wconf 88' lang='lat' dir='ltr'><strong>ac</strong></span> 
     </span>
     <span class='ocr_line' id='line_1_22' title="bbox 76 2045 1108 2126; baseline 0.004 -24"><span class='ocrx_word' id='word_1_158' title='bbox 76 2048 214 2121; x_wconf 79' lang='lat' dir='ltr'><strong>penesolus</strong></span> <span class='ocrx_word' id='word_1_159' title='bbox 224 2071 282 2126; x_wconf 82' lang='lat' dir='ltr'><strong>quae</strong></span> <span class='ocrx_word' id='word_1_160' title='bbox 289 2048 324 2106; x_wconf 87' lang='lat' dir='ltr'><strong>ab</strong></span> <span class='ocrx_word' id='word_1_161' title='bbox 333 2048 468 2124; x_wconf 82' lang='lat' dir='ltr'><strong>Aristotele</strong></span> <span class='ocrx_word' id='word_1_162' title='bbox 475 2047 659 2106; x_wconf 84' lang='lat' dir='ltr'><strong>rhetoricorum</strong></span> <span class='ocrx_word' id='word_1_163' title='bbox 662 2051 692 2121; x_wconf 79' lang='lat' dir='ltr'><strong>se</strong></span> <span class='ocrx_word' id='word_1_164' title='bbox 700 2051 764 2104; x_wconf 84' lang='lat' dir='ltr'><strong>undo</strong></span> <span class='ocrx_word' id='word_1_165' title='bbox 771 2047 801 2102; x_wconf 82' lang='lat' dir='ltr'><strong>ale</strong></span> <span class='ocrx_word' id='word_1_166' title='bbox 810 2045 920 2106; x_wconf 86' lang='lat' dir='ltr'><strong>moribus</strong></span> <span class='ocrx_word' id='word_1_167' title='bbox 944 2048 1055 2104; x_wconf 78' lang='lat' dir='ltr'><strong>raeclare</strong></span> <span class='ocrx_word' id='word_1_168' title='bbox 1065 2045 1108 2106; x_wconf 88' lang='lat' dir='ltr'><strong>ob·</strong></span> 
     </span>
     <span class='ocr_line' id='line_1_23' title="bbox 74 2125 1111 2204; baseline 0 -22"><span class='ocrx_word' id='word_1_169' title='bbox 74 2126 193 2199; x_wconf 84' lang='lat' dir='ltr'><strong>servata</strong></span> <span class='ocrx_word' id='word_1_170' title='bbox 198 2129 271 2204; x_wconf 78' lang='lat' dir='ltr'><strong>su&#39;nt,</strong></span> <span class='ocrx_word' id='word_1_171' title='bbox 282 2131 410 2185; x_wconf 83' lang='lat' dir='ltr'><strong>divinitus</strong></span> <span class='ocrx_word' id='word_1_172' title='bbox 421 2125 539 2202; x_wconf 78' lang='lat' dir='ltr'><strong>expreffit</strong></span> <span class='ocrx_word' id='word_1_173' title='bbox 549 2147 557 2190; x_wconf 70' lang='grc' dir='ltr'><strong>ς</strong></span> <span class='ocrx_word' id='word_1_174' title='bbox 569 2147 645 2183; x_wconf 76' lang='lat' dir='ltr'><strong>ruerae</strong></span> <span class='ocrx_word' id='word_1_175' title='bbox 652 2126 788 2198; x_wconf 82' lang='lat' dir='ltr'><em>Musarum</em></span> <span class='ocrx_word' id='word_1_176' title='bbox 799 2126 907 2194; x_wconf 72' lang='lat' dir='ltr'><strong>delicie,</strong></span> <span class='ocrx_word' id='word_1_177' title='bbox 962 2131 1050 2193; x_wconf 79' lang='lat' dir='ltr'><strong>Jtenae</strong></span> <span class='ocrx_word' id='word_1_178' title='bbox 1059 2149 1111 2184; x_wconf 83' lang='lat' dir='ltr'><strong>vo-</strong></span> 
     </span>
     <span class='ocr_line' id='line_1_24' title="bbox 80 2201 1110 2336; baseline 0.005 -79"><span class='ocrx_word' id='word_1_179' title='bbox 80 2201 177 2336; x_wconf 57' lang='lat' dir='ltr'><strong>lrsltas.</strong></span> <span class='ocrx_word' id='word_1_180' title='bbox 218 2206 247 2262; x_wconf 85' lang='lat' dir='ltr'><em>A</em></span> <span class='ocrx_word' id='word_1_181' title='bbox 259 2209 327 2284; x_wconf 86' lang='lat' dir='ltr'><strong>cujus</strong></span> <span class='ocrx_word' id='word_1_182' title='bbox 338 2206 478 2280; x_wconf 81' lang='lat' dir='ltr'><strong>elegantia,</strong></span> <span class='ocrx_word' id='word_1_183' title='bbox 497 2208 641 2280; x_wconf 79' lang='lat' dir='ltr'><strong>venustate,</strong></span> <span class='ocrx_word' id='word_1_184' title='bbox 662 2204 754 2280; x_wconf 82' lang='lat' dir='ltr'><strong>lepore,</strong></span> <span class='ocrx_word' id='word_1_185' title='bbox 769 2223 873 2271; x_wconf 81' lang='lat' dir='ltr'><strong>venere,</strong></span> <span class='ocrx_word' id='word_1_186' title='bbox 887 2227 933 2280; x_wconf 84' lang='lat' dir='ltr'><strong>quo</strong></span> <span class='ocrx_word' id='word_1_187' title='bbox 946 2210 1001 2280; x_wconf 84' lang='lat' dir='ltr'><strong>quir</strong></span> <span class='ocrx_word' id='word_1_188' title='bbox 1011 2205 1110 2280; x_wconf 87' lang='lat' dir='ltr'><strong>longius</strong></span> 
     </span>
     <span class='ocr_line' id='line_1_25' title="bbox 79 2278 1110 2358; baseline 0.003 -23"><span class='ocrx_word' id='word_1_189' title='bbox 79 2301 98 2335; x_wconf 88' lang='lat' dir='ltr'><strong>a</strong></span> <span class='ocrx_word' id='word_1_190' title='bbox 115 2284 160 2358; x_wconf 83' lang='grc' dir='ltr'><strong>ιβ,</strong></span> <span class='ocrx_word' id='word_1_191' title='bbox 188 2281 217 2339; x_wconf 75' lang='grc' dir='ltr'><strong>ιι</strong></span> <span class='ocrx_word' id='word_1_192' title='bbox 237 2289 316 2342; x_wconf 89' lang='lat' dir='ltr'><strong>minus</strong></span> <span class='ocrx_word' id='word_1_193' title='bbox 339 2306 394 2342; x_wconf 91' lang='lat' dir='ltr'><strong>cum</strong></span> <span class='ocrx_word' id='word_1_194' title='bbox 417 2280 568 2339; x_wconf 76' lang='lat' dir='ltr'><strong>urbanitate</strong></span> <span class='ocrx_word' id='word_1_195' title='bbox 587 2286 728 2339; x_wconf 79' lang='lat' dir='ltr'><strong>commercii</strong></span> <span class='ocrx_word' id='word_1_196' title='bbox 739 2278 826 2338; x_wconf 85' lang='lat' dir='ltr'><strong>babet.</strong></span> <span class='ocrx_word' id='word_1_197' title='bbox 868 2281 948 2357; x_wconf 68' lang='lat' dir='ltr'><strong>Qud</strong></span> <span class='ocrx_word' id='word_1_198' title='bbox 957 2281 1001 2340; x_wconf 80' lang='lat' dir='ltr'><strong>ati</strong></span> <span class='ocrx_word' id='word_1_199' title='bbox 1016 2305 1046 2338; x_wconf 88' lang='lat' dir='ltr'><strong>ue</strong></span> <span class='ocrx_word' id='word_1_200' title='bbox 1059 2287 1110 2339; x_wconf 81' lang='lat' dir='ltr'><strong>vir</strong></span> 
     </span>
     <span class='ocr_line' id='line_1_26' title="bbox 80 2305 1109 2439; baseline 0.003 -24"><span class='ocrx_word' id='word_1_201' title='bbox 80 2367 205 2427; x_wconf 60' lang='lat' dir='ltr'><strong>emundae</strong></span> <span class='ocrx_word' id='word_1_202' title='bbox 219 2366 292 2420; x_wconf 85' lang='lat' dir='ltr'><strong>naris</strong></span> <span class='ocrx_word' id='word_1_203' title='bbox 309 2361 435 2420; x_wconf 81' lang='lat' dir='ltr'><strong>Horatius</strong></span> <span class='ocrx_word' id='word_1_204' title='bbox 448 2360 583 2419; x_wconf 85' lang='lat' dir='ltr'><strong>inculcat:</strong></span> <span class='ocrx_word' id='word_1_205' title='bbox 605 2357 641 2419; x_wconf 64' lang='lat' dir='ltr'><strong>&amp;l</strong></span> <span class='ocrx_word' id='word_1_206' title='bbox 653 2368 718 2438; x_wconf 80' lang='lat' dir='ltr'><strong>quod</strong></span> <span class='ocrx_word' id='word_1_207' title='bbox 734 2364 823 2436; x_wconf 79' lang='lat' dir='ltr'><strong>optime</strong></span> <span class='ocrx_word' id='word_1_208' title='bbox 835 2359 884 2417; x_wconf 86' lang='lat' dir='ltr'><strong>bac</strong></span> <span class='ocrx_word' id='word_1_209' title='bbox 897 2375 977 2417; x_wconf 77' lang='lat' dir='ltr'><strong>utare</strong></span> <span class='ocrx_word' id='word_1_210' title='bbox 990 2305 1109 2439; x_wconf 44' lang='lat' dir='ltr'><strong>{aligeri</strong></span> 
     </span>
     <span class='ocr_line' id='line_1_27' title="bbox 81 2438 1109 2517; baseline 0.006 -25"><span class='ocrx_word' id='word_1_211' title='bbox 81 2442 175 2515; x_wconf 78' lang='lat' dir='ltr'><strong>noster,</strong></span> <span class='ocrx_word' id='word_1_212' title='bbox 196 2457 259 2498; x_wconf 88' lang='lat' dir='ltr'><strong>ante</strong></span> <span class='ocrx_word' id='word_1_213' title='bbox 270 2441 333 2497; x_wconf 75' lang='lat' dir='ltr'><strong>bunc</strong></span> <span class='ocrx_word' id='word_1_214' title='bbox 348 2441 491 2515; x_wconf 64' lang='lat' dir='ltr'><strong>Erasmuu</strong></span> <span class='ocrx_word' id='word_1_215' title='bbox 513 2454 575 2497; x_wconf 85' lang='lat' dir='ltr'><strong>onte</strong></span> <span class='ocrx_word' id='word_1_216' title='bbox 587 2455 719 2516; x_wconf 86' lang='lat' dir='ltr'><strong>utrumque</strong></span> <span class='ocrx_word' id='word_1_217' title='bbox 734 2440 820 2496; x_wconf 89' lang='lat' dir='ltr'><strong>Varro</strong></span> <span class='ocrx_word' id='word_1_218' title='bbox 834 2438 979 2495; x_wconf 88' lang='lat' dir='ltr'><strong>intellexit:</strong></span> <span class='ocrx_word' id='word_1_219' title='bbox 1003 2445 1056 2517; x_wconf 86' lang='lat' dir='ltr'><strong>qui,</strong></span> <span class='ocrx_word' id='word_1_220' title='bbox 1075 2440 1109 2499; x_wconf 81' lang='lat' dir='ltr'><strong>ln</strong></span> 
     </span>
     <span class='ocr_line' id='line_1_28' title="bbox 82 2514 1109 2595; baseline 0.003 -22"><span class='ocrx_word' id='word_1_221' title='bbox 82 2522 248 2595; x_wconf 78' lang='lat' dir='ltr'><strong>argumentis</strong></span> <span class='ocrx_word' id='word_1_222' title='bbox 273 2520 394 2577; x_wconf 79' lang='lat' dir='ltr'><strong>Caecilius</strong></span> <span class='ocrx_word' id='word_1_223' title='bbox 419 2520 536 2593; x_wconf 86' lang='lat' dir='ltr'><strong>palmam</strong></span> <span class='ocrx_word' id='word_1_224' title='bbox 560 2517 655 2593; x_wconf 84' lang='lat' dir='ltr'><strong>poscit,</strong></span> <span class='ocrx_word' id='word_1_225' title='bbox 676 2522 703 2574; x_wconf 89' lang='lat' dir='ltr'><strong>in</strong></span> <span class='ocrx_word' id='word_1_226' title='bbox 718 2514 826 2575; x_wconf 86' lang='lat' dir='ltr'><strong>Ethessn</strong></span> <span class='ocrx_word' id='word_1_227' title='bbox 839 2516 993 2587; x_wconf 80' lang='lat' dir='ltr'><strong>Terentius,</strong></span> <span class='ocrx_word' id='word_1_228' title='bbox 1014 2520 1041 2575; x_wconf 92' lang='lat' dir='ltr'><strong>in</strong></span> <span class='ocrx_word' id='word_1_229' title='bbox 1056 2516 1109 2576; x_wconf 87' lang='lat' dir='ltr'><strong>ser·</strong></span> 
     </span>
     <span class='ocr_line' id='line_1_29' title="bbox 81 2594 1108 2672; baseline 0.001 -22"><span class='ocrx_word' id='word_1_230' title='bbox 81 2596 208 2653; x_wconf 86' lang='lat' dir='ltr'><strong>monibus</strong></span> <span class='ocrx_word' id='word_1_231' title='bbox 218 2598 336 2653; x_wconf 83' lang='lat' dir='ltr'><strong>Plautus.</strong></span> <span class='ocrx_word' id='word_1_232' title='bbox 352 2597 534 2672; x_wconf 83' lang='lat' dir='ltr'><strong>Argumentum</strong></span> <span class='ocrx_word' id='word_1_233' title='bbox 546 2599 584 2672; x_wconf 88' lang='grc' dir='ltr'><strong>ιβ</strong></span> <span class='ocrx_word' id='word_1_234' title='bbox 587 2595 698 2669; x_wconf 88' lang='lat' dir='ltr'><strong>sabula.</strong></span> <span class='ocrx_word' id='word_1_235' title='bbox 713 2596 782 2651; x_wconf 78' lang='lat' dir='ltr'><strong>Haec</strong></span> <span class='ocrx_word' id='word_1_236' title='bbox 790 2594 847 2652; x_wconf 89' lang='lat' dir='ltr'><strong>laus</strong></span> <span class='ocrx_word' id='word_1_237' title='bbox 856 2600 942 2670; x_wconf 85' lang='lat' dir='ltr'><strong>prima</strong></span> <span class='ocrx_word' id='word_1_238' title='bbox 954 2598 998 2667; x_wconf 86' lang='lat' dir='ltr'><strong>ess.</strong></span> <span class='ocrx_word' id='word_1_239' title='bbox 1015 2597 1108 2653; x_wconf 83' lang='lat' dir='ltr'><strong>Secun-</strong></span> 
     </span>
     <span class='ocr_line' id='line_1_30' title="bbox 81 2672 1108 2751; baseline -0.001 -18"><span class='ocrx_word' id='word_1_240' title='bbox 81 2675 137 2737; x_wconf 73' lang='lat' dir='ltr'><strong>dum</strong></span> <span class='ocrx_word' id='word_1_241' title='bbox 145 2677 210 2751; x_wconf 54' lang='lat' dir='ltr'><strong>‚firm</strong></span> <span class='ocrx_word' id='word_1_242' title='bbox 217 2696 305 2733; x_wconf 85' lang='lat' dir='ltr'><strong>mores.</strong></span> <span class='ocrx_word' id='word_1_243' title='bbox 320 2676 386 2734; x_wconf 83' lang='lat' dir='ltr'><strong>Haec</strong></span> <span class='ocrx_word' id='word_1_244' title='bbox 391 2676 506 2746; x_wconf 84' lang='lat' dir='ltr'><strong>secunda</strong></span> <span class='ocrx_word' id='word_1_245' title='bbox 519 2677 563 2749; x_wconf 92' lang='grc' dir='ltr'><strong>ιβ.</strong></span> <span class='ocrx_word' id='word_1_246' title='bbox 578 2672 733 2748; x_wconf 81' lang='lat' dir='ltr'><strong>Postremum</strong></span> <span class='ocrx_word' id='word_1_247' title='bbox 747 2676 783 2749; x_wconf 89' lang='lat' dir='ltr'><strong>est</strong></span> <span class='ocrx_word' id='word_1_248' title='bbox 788 2672 883 2744; x_wconf 86' lang='lat' dir='ltr'><strong>sermo.</strong></span> <span class='ocrx_word' id='word_1_249' title='bbox 905 2675 971 2731; x_wconf 79' lang='lat' dir='ltr'><strong>ttaec</strong></span> <span class='ocrx_word' id='word_1_250' title='bbox 981 2676 1108 2749; x_wconf 85' lang='lat' dir='ltr'><strong>postrema</strong></span> 
     </span>
     <span class='ocr_line' id='line_1_31' title="bbox 81 2748 1106 2829; baseline 0 -20"><span class='ocrx_word' id='word_1_251' title='bbox 81 2754 126 2824; x_wconf 85' lang='lat' dir='ltr'><strong>est.</strong></span> <span class='ocrx_word' id='word_1_252' title='bbox 135 2754 296 2829; x_wconf 67' lang='lat' dir='ltr'><strong>Qarrquam</strong></span> <span class='ocrx_word' id='word_1_253' title='bbox 306 2776 352 2810; x_wconf 90' lang='lat' dir='ltr'><strong>cur</strong></span> <span class='ocrx_word' id='word_1_254' title='bbox 354 2756 493 2828; x_wconf 89' lang='lat' dir='ltr'><strong>sermonem</strong></span> <span class='ocrx_word' id='word_1_255' title='bbox 499 2756 641 2829; x_wconf 76' lang='lat' dir='ltr'><strong>praferret</strong></span> <span class='ocrx_word' id='word_1_256' title='bbox 650 2754 801 2811; x_wconf 84' lang='lat' dir='ltr'><strong>Plautinum</strong></span> <span class='ocrx_word' id='word_1_257' title='bbox 809 2751 835 2806; x_wconf 86' lang='lat' dir='ltr'><em>V</em></span> <span class='ocrx_word' id='word_1_258' title='bbox 833 2772 906 2819; x_wconf 89' lang='lat' dir='ltr'><strong>arro,</strong></span> <span class='ocrx_word' id='word_1_259' title='bbox 917 2750 982 2809; x_wconf 80' lang='lat' dir='ltr'><strong>alibi</strong></span> <span class='ocrx_word' id='word_1_260' title='bbox 992 2748 1061 2809; x_wconf 84' lang='lat' dir='ltr'><strong>nobis</strong></span> <span class='ocrx_word' id='word_1_261' title='bbox 1068 2756 1106 2809; x_wconf 79' lang='lat' dir='ltr'><strong>ti·</strong></span> 
     </span>
     <span class='ocr_line' id='line_1_32' title="bbox 80 2826 1109 2907; baseline -0.002 -20"><span class='ocrx_word' id='word_1_262' title='bbox 80 2836 147 2887; x_wconf 72' lang='lat' dir='ltr'><strong>lium</strong></span> <span class='ocrx_word' id='word_1_263' title='bbox 161 2832 218 2904; x_wconf 88' lang='lat' dir='ltr'><strong>est:</strong></span> <span class='ocrx_word' id='word_1_264' title='bbox 233 2854 287 2889; x_wconf 87' lang='lat' dir='ltr'><strong>cum</strong></span> <span class='ocrx_word' id='word_1_265' title='bbox 299 2846 329 2889; x_wconf 89' lang='lat' dir='ltr'><strong>ut</strong></span> <span class='ocrx_word' id='word_1_266' title='bbox 338 2838 428 2890; x_wconf 86' lang='lat' dir='ltr'><strong>nimius</strong></span> <span class='ocrx_word' id='word_1_267' title='bbox 433 2833 557 2904; x_wconf 85' lang='lat' dir='ltr'><strong>sermonis</strong></span> <span class='ocrx_word' id='word_1_268' title='bbox 561 2832 641 2907; x_wconf 77' lang='lat' dir='ltr'><strong>prisci</strong></span> <span class='ocrx_word' id='word_1_269' title='bbox 643 2834 690 2907; x_wconf 83' lang='lat' dir='ltr'><strong>stro</strong></span> <span class='ocrx_word' id='word_1_270' title='bbox 700 2830 810 2907; x_wconf 78' lang='lat' dir='ltr'><strong>tempole</strong></span> <span class='ocrx_word' id='word_1_271' title='bbox 821 2844 933 2897; x_wconf 84' lang='lat' dir='ltr'><strong>amator,</strong></span> <span class='ocrx_word' id='word_1_272' title='bbox 953 2826 1109 2907; x_wconf 68' lang='lat' dir='ltr'><strong>abantiquis</strong></span> 
     </span>
     <span class='ocr_line' id='line_1_33' title="bbox 81 2906 1107 2989; baseline 0.002 -26"><span class='ocrx_word' id='word_1_273' title='bbox 81 2922 193 2966; x_wconf 77' lang='lat' dir='ltr'><strong>notetur.</strong></span> <span class='ocrx_word' id='word_1_274' title='bbox 205 2912 314 2989; x_wconf 66' lang='lat' dir='ltr'><strong>Quipro</strong></span> <span class='ocrx_word' id='word_1_275' title='bbox 324 2910 498 2989; x_wconf 81' lang='lat' dir='ltr'><strong>argumentis,</strong></span> <span class='ocrx_word' id='word_1_276' title='bbox 508 2909 609 2987; x_wconf 81' lang='lat' dir='ltr'><strong>pathesi</strong></span> <span class='ocrx_word' id='word_1_277' title='bbox 617 2910 745 2985; x_wconf 83' lang='lat' dir='ltr'><strong>legerunt,</strong></span> <span class='ocrx_word' id='word_1_278' title='bbox 757 2914 817 2985; x_wconf 89' lang='lat' dir='ltr'><strong>quia</strong></span> <span class='ocrx_word' id='word_1_279' title='bbox 827 2906 884 2963; x_wconf 87' lang='lat' dir='ltr'><strong>laus</strong></span> <span class='ocrx_word' id='word_1_280' title='bbox 894 2908 948 2964; x_wconf 79' lang='lat' dir='ltr'><strong>lraer</strong></span> <span class='ocrx_word' id='word_1_281' title='bbox 959 2906 977 2964; x_wconf 80' lang='lat' dir='ltr'><strong>ei</strong></span> <span class='ocrx_word' id='word_1_282' title='bbox 989 2906 1107 2983; x_wconf 80' lang='lat' dir='ltr'><strong>Charifio</strong></span> 
     </span>
    </p>
   </div>
   <div class='ocr_carea' id='block_1_5' title="bbox 78 2986 1204 3513">
    <p class='ocr_par' dir='ltr' id='par_1_8' title="bbox 78 2986 1204 3513">
     <span class='ocr_line' id='line_1_34' title="bbox 78 2986 1109 3063; baseline 0.001 -21"><span class='ocrx_word' id='word_1_283' title='bbox 78 2987 245 3059; x_wconf 78' lang='lat' dir='ltr'><strong>peculiariter</strong></span> <span class='ocrx_word' id='word_1_284' title='bbox 258 2988 364 3046; x_wconf 84' lang='lat' dir='ltr'><strong>Caecilio</strong></span> <span class='ocrx_word' id='word_1_285' title='bbox 376 2987 524 3054; x_wconf 75' lang='lat' dir='ltr'><strong>tribuitur3</strong></span> <span class='ocrx_word' id='word_1_286' title='bbox 544 3010 573 3045; x_wconf 90' lang='lat' dir='ltr'><strong>ne</strong></span> <span class='ocrx_word' id='word_1_287' title='bbox 589 3009 620 3043; x_wconf 89' lang='lat' dir='ltr'><strong>ue</strong></span> <span class='ocrx_word' id='word_1_288' title='bbox 628 2988 821 3051; x_wconf 83' lang='lat' dir='ltr'><strong>intellexerunt,</strong></span> <span class='ocrx_word' id='word_1_289' title='bbox 836 2988 899 3061; x_wconf 82' lang='lat' dir='ltr'><strong>quid</strong></span> <span class='ocrx_word' id='word_1_290' title='bbox 904 2986 962 3061; x_wconf 77' lang='lat' dir='ltr'><strong>effes</strong></span> <span class='ocrx_word' id='word_1_291' title='bbox 972 3008 1109 3063; x_wconf 80' lang='lat' dir='ltr'><strong>arguerer·</strong></span> 
     </span>
     <span class='ocr_line' id='line_1_35' title="bbox 80 3012 1204 3143; baseline 0.005 -24"><span class='ocrx_word' id='word_1_292' title='bbox 80 3079 145 3135; x_wconf 81' lang='lat' dir='ltr'><strong>turn,</strong></span> <span class='ocrx_word' id='word_1_293' title='bbox 157 3088 235 3143; x_wconf 84' lang='lat' dir='ltr'><strong>neque</strong></span> <span class='ocrx_word' id='word_1_294' title='bbox 244 3070 345 3123; x_wconf 83' lang='lat' dir='ltr'><strong>eundem</strong></span> <span class='ocrx_word' id='word_1_295' title='bbox 352 3071 380 3125; x_wconf 89' lang='lat' dir='ltr'><strong>in</strong></span> <span class='ocrx_word' id='word_1_296' title='bbox 390 3012 648 3142; x_wconf 69' lang='lat' dir='ltr'><strong>utroquefimulpoffl</strong></span> <span class='ocrx_word' id='word_1_297' title='bbox 658 3066 774 3123; x_wconf 78' lang='lat' dir='ltr'><strong>laudari.</strong></span> <span class='ocrx_word' id='word_1_298' title='bbox 788 3064 852 3119; x_wconf 82' lang='lat' dir='ltr'><strong>Ecce</strong></span> <span class='ocrx_word' id='word_1_299' title='bbox 862 3085 940 3119; x_wconf 84' lang='lat' dir='ltr'><strong>mores</strong></span> <span class='ocrx_word' id='word_1_300' title='bbox 951 3069 1019 3122; x_wconf 88' lang='lat' dir='ltr'><strong>mitis</strong></span> <span class='ocrx_word' id='word_1_301' title='bbox 1029 3068 1089 3121; x_wconf 80' lang='lat' dir='ltr'><strong>ariri</strong></span> <span class='ocrx_word' id='word_1_302' title='bbox 1095 3084 1107 3125; x_wconf 88' lang='grc'><strong>.·</strong></span> <span class='ocrx_word' id='word_1_303' title='bbox 1123 3060 1138 3085; x_wconf 86' lang='lat'>&#39;</span> <span class='ocrx_word' id='word_1_304' title='bbox 1200 3057 1204 3068; x_wconf 54' lang='lat'>¹</span> 
     </span>
     <span class='ocr_line' id='line_1_36' title="bbox 134 3140 943 3219; baseline -0.001 -19"><span class='ocrx_word' id='word_1_305' title='bbox 134 3172 147 3193; x_wconf 69' lang='lat' dir='ltr'><em>o</em></span> <span class='ocrx_word' id='word_1_306' title='bbox 157 3167 278 3193; x_wconf 57' lang='grc' dir='ltr'><strong>--ψ</strong></span> <span class='ocrx_word' id='word_1_307' title='bbox 292 3145 385 3214; x_wconf 87' lang='lat' dir='ltr'><strong>credo,</strong></span> <span class='ocrx_word' id='word_1_308' title='bbox 407 3144 534 3201; x_wconf 77' lang='lat' dir='ltr'><strong>hercule:</strong></span> <span class='ocrx_word' id='word_1_309' title='bbox 555 3163 619 3201; x_wconf 87' lang='lat' dir='ltr'><strong>nam</strong></span> <span class='ocrx_word' id='word_1_310' title='bbox 632 3142 770 3219; x_wconf 80' lang='lat' dir='ltr'><strong>ingenium</strong></span> <span class='ocrx_word' id='word_1_311' title='bbox 787 3140 864 3199; x_wconf 83' lang='lat' dir='ltr'><strong>suuni</strong></span> <span class='ocrx_word' id='word_1_312' title='bbox 879 3142 943 3199; x_wconf 84' lang='lat' dir='ltr'><strong>novi</strong></span> 
     </span>
     <span class='ocr_line' id='line_1_37' title="bbox 157 3219 913 3298; baseline -0.004 -19"><span class='ocrx_word' id='word_1_313' title='bbox 157 3222 305 3287; x_wconf 77' lang='lat' dir='ltr'><strong>Liberale3</strong></span> <span class='ocrx_word' id='word_1_314' title='bbox 328 3224 381 3281; x_wconf 89' lang='lat' dir='ltr'><strong>Sed</strong></span> <span class='ocrx_word' id='word_1_315' title='bbox 396 3240 502 3291; x_wconf 80' lang='lat' dir='ltr'><strong>vereor,</strong></span> <span class='ocrx_word' id='word_1_316' title='bbox 523 3240 557 3279; x_wconf 89' lang='lat' dir='ltr'><strong>ne</strong></span> <span class='ocrx_word' id='word_1_317' title='bbox 571 3220 844 3298; x_wconf 79' lang='lat' dir='ltr'><strong>indiligenu‘nimium</strong></span> <span class='ocrx_word' id='word_1_318' title='bbox 857 3219 913 3276; x_wconf 75' lang='lat' dir='ltr'><strong>sies.</strong></span> 
     </span>
     <span class='ocr_line' id='line_1_38' title="bbox 117 3298 256 3359; baseline 0 -3"><span class='ocrx_word' id='word_1_319' title='bbox 117 3298 256 3359; x_wconf 81' lang='lat' dir='ltr'><strong>Iracundi.</strong></span> 
     </span>
     <span class='ocr_line' id='line_1_39' title="bbox 157 3372 1106 3513; baseline 0.001 -77"><span class='ocrx_word' id='word_1_320' title='bbox 157 3376 217 3437; x_wconf 90' lang='lat' dir='ltr'><strong>Hei</strong></span> <span class='ocrx_word' id='word_1_321' title='bbox 227 3379 305 3451; x_wconf 89' lang='lat' dir='ltr'><strong>mihi,</strong></span> <span class='ocrx_word' id='word_1_322' title='bbox 318 3378 383 3457; x_wconf 88' lang='lat' dir='ltr'><strong>quid</strong></span> <span class='ocrx_word' id='word_1_323' title='bbox 398 3379 517 3438; x_wconf 74' lang='lat' dir='ltr'><strong>saciam&#39;i</strong></span> <span class='ocrx_word' id='word_1_324' title='bbox 530 3378 596 3458; x_wconf 88' lang='lat' dir='ltr'><strong>quid</strong></span> <span class='ocrx_word' id='word_1_325' title='bbox 608 3397 698 3513; x_wconf 40' lang='lat' dir='ltr'><strong>assm,</strong></span> <span class='ocrx_word' id='word_1_326' title='bbox 713 3372 779 3454; x_wconf 64' lang='lat' dir='ltr'><strong>iquid</strong></span> <span class='ocrx_word' id='word_1_327' title='bbox 790 3374 915 3446; x_wconf 82' lang='lat' dir='ltr'><strong>clamem,</strong></span> <span class='ocrx_word' id='word_1_328' title='bbox 930 3390 977 3435; x_wconf 84' lang='lat' dir='ltr'><strong>aut</strong></span> <span class='ocrx_word' id='word_1_329' title='bbox 987 3376 1106 3455; x_wconf 79' lang='lat' dir='ltr'><strong>querani</strong></span> 
     </span>
    </p>
   </div>
   <div class='ocr_carea' id='block_1_6' title="bbox 2 3456 1014 4322">
    <p class='ocr_par' dir='ltr' id='par_1_9' title="bbox 2 3456 1014 4322">
     <span class='ocr_line' id='line_1_40' title="bbox 157 3456 778 3532; baseline -0.002 -18"><span class='ocrx_word' id='word_1_330' title='bbox 157 3458 187 3514; x_wconf 90' lang='grc' dir='ltr'>Ο</span> <span class='ocrx_word' id='word_1_331' title='bbox 199 3460 297 3516; x_wconf 86' lang='lat' dir='ltr'><strong>coelum</strong></span> <span class='ocrx_word' id='word_1_332' title='bbox 309 3460 366 3527; x_wconf 53' lang='grc' dir='ltr'><strong>[Ο</strong></span> <span class='ocrx_word' id='word_1_333' title='bbox 379 3462 466 3516; x_wconf 88' lang='lat' dir='ltr'><strong>tersa!</strong></span> <span class='ocrx_word' id='word_1_334' title='bbox 488 3458 517 3515; x_wconf 95' lang='grc' dir='ltr'>Ο</span> <span class='ocrx_word' id='word_1_335' title='bbox 530 3460 616 3515; x_wconf 83' lang='lat' dir='ltr'><strong>maria</strong></span> <span class='ocrx_word' id='word_1_336' title='bbox 663 3456 759 3532; x_wconf 89' lang='lat' dir='ltr'><strong>eptuni</strong></span> <span class='ocrx_word' id='word_1_337' title='bbox 771 3456 778 3513; x_wconf 97' lang='lat' dir='ltr'><strong>l</strong></span> 
     </span>
     <span class='ocr_line' id='line_1_41' title="bbox 123 3534 682 3616; baseline -0.011 -21"><span class='ocrx_word' id='word_1_338' title='bbox 123 3534 306 3610; x_wconf 77' lang='lat' dir='ltr'><strong>Adolescentis,</strong></span> <span class='ocrx_word' id='word_1_339' title='bbox 326 3542 371 3614; x_wconf 86' lang='lat' dir='ltr'><strong>qui</strong></span> <span class='ocrx_word' id='word_1_340' title='bbox 383 3542 411 3593; x_wconf 88' lang='lat' dir='ltr'><strong>in</strong></span> <span class='ocrx_word' id='word_1_341' title='bbox 421 3537 539 3616; x_wconf 80' lang='lat' dir='ltr'><strong>prospera</strong></span> <span class='ocrx_word' id='word_1_342' title='bbox 544 3538 661 3611; x_wconf 88' lang='lat' dir='ltr'><strong>fortuna</strong></span> <span class='ocrx_word' id='word_1_343' title='bbox 675 3558 682 3590; x_wconf 88' lang='lat'><strong>.·</strong></span> 
     </span>
     <span class='ocr_line' id='line_1_42' title="bbox 156 3606 1008 3750; baseline -0.001 -80"><span class='ocrx_word' id='word_1_344' title='bbox 156 3606 255 3750; x_wconf 40' lang='lat' dir='ltr'><strong>{smne</strong></span> <span class='ocrx_word' id='word_1_345' title='bbox 268 3634 409 3691; x_wconf 86' lang='lat' dir='ltr'><strong>erumpere</strong></span> <span class='ocrx_word' id='word_1_346' title='bbox 424 3618 476 3672; x_wconf 88' lang='lat' dir='ltr'><strong>hoc</strong></span> <span class='ocrx_word' id='word_1_347' title='bbox 490 3616 553 3673; x_wconf 88' lang='lat' dir='ltr'><strong>licet</strong></span> <span class='ocrx_word' id='word_1_348' title='bbox 566 3615 633 3671; x_wconf 87' lang='lat' dir='ltr'><strong>mihi</strong></span> <span class='ocrx_word' id='word_1_349' title='bbox 648 3609 777 3689; x_wconf 82' lang='lat' dir='ltr'><strong>gaudium</strong></span> <span class='ocrx_word' id='word_1_350' title='bbox 791 3618 801 3673; x_wconf 75' lang='lat' dir='ltr'><strong>l</strong></span> <span class='ocrx_word' id='word_1_351' title='bbox 823 3632 872 3690; x_wconf 89' lang='lat' dir='ltr'><strong>pro</strong></span> <span class='ocrx_word' id='word_1_352' title='bbox 881 3612 986 3689; x_wconf 83' lang='lat' dir='ltr'><strong>Jupiter</strong></span> <span class='ocrx_word' id='word_1_353' title='bbox 999 3613 1008 3673; x_wconf 83' lang='lat' dir='ltr'><strong>l</strong></span> 
     </span>
     <span class='ocr_line' id='line_1_43' title="bbox 192 3690 963 3770; baseline 0.005 -23"><span class='ocrx_word' id='word_1_354' title='bbox 192 3710 243 3758; x_wconf 83' lang='lat' dir='ltr'><strong>unc</strong></span> <span class='ocrx_word' id='word_1_355' title='bbox 256 3695 292 3751; x_wconf 84' lang='lat' dir='ltr'><strong>esi</strong></span> <span class='ocrx_word' id='word_1_356' title='bbox 306 3692 438 3770; x_wconf 71' lang='lat' dir='ltr'><strong>profecto,</strong></span> <span class='ocrx_word' id='word_1_357' title='bbox 466 3692 579 3751; x_wconf 81' lang='lat' dir='ltr'><strong>interfici</strong></span> <span class='ocrx_word' id='word_1_358' title='bbox 592 3709 654 3747; x_wconf 85' lang='lat' dir='ltr'><strong>cum</strong></span> <span class='ocrx_word' id='word_1_359' title='bbox 670 3690 776 3765; x_wconf 86' lang='lat' dir='ltr'><strong>perpeti</strong></span> <span class='ocrx_word' id='word_1_360' title='bbox 790 3712 834 3749; x_wconf 87' lang='lat' dir='ltr'><strong>me</strong></span> <span class='ocrx_word' id='word_1_361' title='bbox 849 3692 963 3769; x_wconf 84' lang='lat' dir='ltr'><strong>possum,</strong></span> 
     </span>
     <span class='ocr_line' id='line_1_44' title="bbox 155 3768 891 3848; baseline 0.004 -23"><span class='ocrx_word' id='word_1_362' title='bbox 155 3770 203 3841; x_wconf 90' lang='lat' dir='ltr'><strong>Ne</strong></span> <span class='ocrx_word' id='word_1_363' title='bbox 216 3770 269 3827; x_wconf 90' lang='lat' dir='ltr'><strong>hoc</strong></span> <span class='ocrx_word' id='word_1_364' title='bbox 284 3770 413 3848; x_wconf 68' lang='lat' dir='ltr'><strong>goudium</strong></span> <span class='ocrx_word' id='word_1_365' title='bbox 428 3770 595 3829; x_wconf 83' lang='lat' dir='ltr'><strong>contaminet</strong></span> <span class='ocrx_word' id='word_1_366' title='bbox 609 3770 665 3826; x_wconf 81' lang='lat' dir='ltr'><strong>vita</strong></span> <span class='ocrx_word' id='word_1_367' title='bbox 678 3768 847 3847; x_wconf 80' lang='lat' dir='ltr'><strong>aegritudine.</strong></span> <span class='ocrx_word' id='word_1_368' title='bbox 887 3828 891 3835; x_wconf 72' lang='grc'><strong>,</strong></span> 
     </span>
     <span class='ocr_line' id='line_1_45' title="bbox 116 3846 751 3925; baseline -0.003 -19"><span class='ocrx_word' id='word_1_369' title='bbox 116 3847 191 3909; x_wconf 70' lang='lat' dir='ltr'><strong>Senis</strong></span> <span class='ocrx_word' id='word_1_370' title='bbox 204 3852 249 3925; x_wconf 82' lang='lat' dir='ltr'><strong>qui</strong></span> <span class='ocrx_word' id='word_1_371' title='bbox 263 3854 290 3905; x_wconf 90' lang='lat' dir='ltr'><strong>in</strong></span> <span class='ocrx_word' id='word_1_372' title='bbox 303 3852 419 3921; x_wconf 80' lang='lat' dir='ltr'><strong>adversa</strong></span> <span class='ocrx_word' id='word_1_373' title='bbox 432 3850 580 3923; x_wconf 86' lang='lat' dir='ltr'><strong>versatur:</strong></span> <span class='ocrx_word' id='word_1_374' title='bbox 750 3846 751 3851; x_wconf 31' lang='lat'>¹</span> 
     </span>
     <span class='ocr_line' id='line_1_46' title="bbox 156 3922 1014 4003; baseline 0.001 -22"><span class='ocrx_word' id='word_1_375' title='bbox 156 3925 232 4003; x_wconf 77' lang='lat' dir='ltr'><strong>Qud</strong></span> <span class='ocrx_word' id='word_1_376' title='bbox 248 3926 300 3987; x_wconf 86' lang='lat' dir='ltr'><strong>hoc</strong></span> <span class='ocrx_word' id='word_1_377' title='bbox 314 3924 439 3999; x_wconf 77' lang='lat' dir='ltr'><strong>(saalum)</strong></span> <span class='ocrx_word' id='word_1_378' title='bbox 455 3924 631 3993; x_wconf 85' lang='lat' dir='ltr'><strong>infelicitatis,</strong></span> <span class='ocrx_word' id='word_1_379' title='bbox 657 3942 764 4001; x_wconf 88' lang='lat' dir='ltr'><strong>nequeo</strong></span> <span class='ocrx_word' id='word_1_380' title='bbox 780 3922 841 3981; x_wconf 82' lang='lat' dir='ltr'><strong>sutis</strong></span> <span class='ocrx_word' id='word_1_381' title='bbox 855 3922 1014 3996; x_wconf 81' lang='lat' dir='ltr'><strong>decernere,</strong></span> 
     </span>
     <span class='ocr_line' id='line_1_47' title="bbox 157 4000 1012 4071; baseline 0.004 -13"><span class='ocrx_word' id='word_1_382' title='bbox 157 4002 218 4059; x_wconf 72' lang='lat' dir='ltr'><strong>Mn</strong></span> <span class='ocrx_word' id='word_1_383' title='bbox 230 4023 274 4059; x_wconf 86' lang='lat' dir='ltr'><strong>sne</strong></span> <span class='ocrx_word' id='word_1_384' title='bbox 287 4004 371 4062; x_wconf 87' lang='lat' dir='ltr'><strong>eredo</strong></span> <span class='ocrx_word' id='word_1_385' title='bbox 386 4004 447 4061; x_wconf 84' lang='lat' dir='ltr'><strong>huic</strong></span> <span class='ocrx_word' id='word_1_386' title='bbox 460 4004 512 4062; x_wconf 81' lang='lat' dir='ltr'><strong>else</strong></span> <span class='ocrx_word' id='word_1_387' title='bbox 526 4007 619 4061; x_wconf 79' lang='lat' dir='ltr'><strong>nasum</strong></span> <span class='ocrx_word' id='word_1_388' title='bbox 631 4003 680 4071; x_wconf 82' lang='lat' dir='ltr'><strong>rei,</strong></span> <span class='ocrx_word' id='word_1_389' title='bbox 700 4002 820 4059; x_wconf 81' lang='lat' dir='ltr'><strong>lesundis</strong></span> <span class='ocrx_word' id='word_1_390' title='bbox 835 4000 956 4061; x_wconf 79' lang='lat' dir='ltr'><strong>miseriis.</strong></span> <span class='ocrx_word' id='word_1_391' title='bbox 1009 4031 1012 4036; x_wconf 93' lang='lat'>·</span> 
     </span>
     <span class='ocr_line' id='line_1_48' title="bbox 158 4080 942 4157; baseline 0 -20"><span class='ocrx_word' id='word_1_392' title='bbox 158 4080 265 4139; x_wconf 81' lang='lat' dir='ltr'><strong>Primus</strong></span> <span class='ocrx_word' id='word_1_393' title='bbox 278 4080 363 4139; x_wconf 84' lang='lat' dir='ltr'><strong>sentio</strong></span> <span class='ocrx_word' id='word_1_394' title='bbox 378 4082 449 4139; x_wconf 79' lang='lat' dir='ltr'><strong>male</strong></span> <span class='ocrx_word' id='word_1_395' title='bbox 464 4084 569 4141; x_wconf 85' lang='lat' dir='ltr'><strong>noslra:</strong></span> <span class='ocrx_word' id='word_1_396' title='bbox 595 4082 696 4157; x_wconf 83' lang='lat' dir='ltr'><strong>primus</strong></span> <span class='ocrx_word' id='word_1_397' title='bbox 709 4080 818 4139; x_wconf 80' lang='lat' dir='ltr'><strong>rescisco</strong></span> <span class='ocrx_word' id='word_1_398' title='bbox 831 4082 942 4139; x_wconf 86' lang='lat' dir='ltr'><strong>omnia:</strong></span> 
     </span>
     <span class='ocr_line' id='line_1_49' title="bbox 159 4156 995 4237; baseline 0.002 -22"><span class='ocrx_word' id='word_1_399' title='bbox 159 4158 266 4215; x_wconf 79' lang='lat' dir='ltr'><strong>Primus</strong></span> <span class='ocrx_word' id='word_1_400' title='bbox 281 4178 362 4236; x_wconf 87' lang='lat' dir='ltr'><strong>porro</strong></span> <span class='ocrx_word' id='word_1_401' title='bbox 377 4160 528 4219; x_wconf 86' lang='lat' dir='ltr'><strong>obnuntio:</strong></span> <span class='ocrx_word' id='word_1_402' title='bbox 551 4178 621 4237; x_wconf 83' lang='lat' dir='ltr'><strong>aegse</strong></span> <span class='ocrx_word' id='word_1_403' title='bbox 636 4156 715 4228; x_wconf 85' lang='lat' dir='ltr'><strong>solus,</strong></span> <span class='ocrx_word' id='word_1_404' title='bbox 735 4159 754 4215; x_wconf 87' lang='lat' dir='ltr'>ss</span> <span class='ocrx_word' id='word_1_405' title='bbox 767 4157 833 4235; x_wconf 89' lang='lat' dir='ltr'><strong>quid</strong></span> <span class='ocrx_word' id='word_1_406' title='bbox 847 4158 906 4229; x_wconf 87' lang='lat' dir='ltr'><strong>sset,</strong></span> <span class='ocrx_word' id='word_1_407' title='bbox 927 4156 995 4218; x_wconf 83' lang='lat' dir='ltr'><strong>sero.</strong></span> 
     </span>
     <span class='ocr_line' id='line_1_50' title="bbox 2 4233 898 4322; baseline 0.012 -32"><span class='ocrx_word' id='word_1_408' title='bbox 2 4233 12 4272; x_wconf 72' lang='lat' dir='ltr'><strong>l</strong></span> <span class='ocrx_word' id='word_1_409' title='bbox 120 4234 246 4305; x_wconf 59' lang='lat' dir='ltr'><strong>Fannium</strong></span> <span class='ocrx_word' id='word_1_410' title='bbox 260 4236 384 4322; x_wconf 56' lang='lat' dir='ltr'><strong>beamine,</strong></span> <span class='ocrx_word' id='word_1_411' title='bbox 405 4260 463 4320; x_wconf 78' lang='lat' dir='ltr'><strong>qaae</strong></span> <span class='ocrx_word' id='word_1_412' title='bbox 475 4238 600 4306; x_wconf 78' lang='lat' dir='ltr'><strong>adulterii</strong></span> <span class='ocrx_word' id='word_1_413' title='bbox 612 4241 736 4299; x_wconf 81' lang='lat' dir='ltr'><strong>maritum</strong></span> <span class='ocrx_word' id='word_1_414' title='bbox 750 4241 898 4303; x_wconf 73' lang='lat' dir='ltr'><strong>convincit:</strong></span> 
     </span>
    </p>
   </div>
   <div class='ocr_carea' id='block_1_7' title="bbox 888 4316 1119 4383">
    <p class='ocr_par' dir='ltr' id='par_1_10' title="bbox 888 4316 1119 4383">
     <span class='ocr_line' id='line_1_51' title="bbox 888 4316 1119 4383; baseline 0 -36"><span class='ocrx_word' id='word_1_415' title='bbox 888 4339 891 4347; x_wconf 90' lang='lat'>.</span> <span class='ocrx_word' id='word_1_416' title='bbox 964 4316 1119 4383; x_wconf 53' lang='lat' dir='ltr'><strong>p-a&#39;n</strong></span> 
     </span>
    </p>
   </div>
   <div class='ocr_carea' id='block_1_8' title="bbox 0 0 1454 4775">
    <p class='ocr_par' dir='ltr' id='par_1_11' title="bbox 0 0 1454 4775">
     <span class='ocr_line' id='line_1_52' title="bbox 0 0 1454 4775; baseline 0 0"><span class='ocrx_word' id='word_1_417' title='bbox 0 0 1454 4775; x_wconf 95' lang='lat' dir='ltr'><strong> </strong></span> 
     </span>
    </p>
   </div>
  </div>
 </body>
</html>
