2892 4775
536 127 1176 211 PROLEGOMENA

338 254 407 319 Hoc
420 255 515 341 igilur,
539 276 597 339 quo
618 256 697 337 supra
707 256 844 331 diximna,
863 258 961 329 modo,
987 258 1219 321 munietur
1239 258 1372 334 satyrum,¹

336 336 413 395 aliod
435 355 522 419 genua
543 338 681 409 carminis,
699 341 743 405 erle
762 346 813 397 esee
835 336 974 417 aepepdee,
996 337 1052 397 boe
1074 339 1123 409 eli,
1145 356 1247 400 noram
1270 357 1373 409 comm

335 413 422 489 diam,
445 435 475 475 re
523 415 569 476 dre
582 416 683 489 Poste,
709 436 772 496 qne
789 434 954 509 argumento
965 417 1107 477 commum
1119 418 1217 496 magia,
1238 421 1265 477 de
1285 436 1372 496 gene-

335 492 431 555 raliter
503 512 599 555 omnen
618 496 755 567 hominen,
777 514 827 573 qm
845 494 1029 555 mediocribur
1050 493 1165 555 meronie
1189 510 1285 574 emant.
1308 517 1372 577 per·

335 573 444 645 tineret,
467 574 593 633 &minua
605 573 795 635 amaritudinis
816 572 1010 651 spectatoribus
1028 576 1054 633 de
1070 572 1170 635 eedem
1193 593 1278 653 opera
1300 579 1370 637 mul·

334 663 396 711 tum
417 652 607 713 delectationis
637 652 772 719 afferretr
808 652 942 712 coaciam
965 670 1141 729 argumento,
1175 651 1369 719 cousuetudine

335 728 466 811 congran
493 730 565 793 utilio
588 729 736 803 sententile,
756 735 836 811 grata
855 728 963 802 salibus,
990 745 1057 808 apta
1079 732 1182 793 metro.
1221 732 1264 793 Ut
1284 733 1367 812 igitur

334 808 483 887 superiores
506 810 559 870 illae
576 808 627 869 luia
647 829 764 890 quaeque
788 808 959 870 celebrantur
979 808 1163 877 authoribuer
1188 809 1228 869 ita
1246 810 1306 871 baec
1327 823 1368 876 η’.

332 888 445 969 aepqlier
469 906 532 949 cum
552 888 701 949 multorum
714 904 806 961 antea,
826 889 1050 980 ‚tumproecipoc
1062 885 1215 981 Mecales,
1237 888 1365 952 Terentii·

333 967 508 1106 {lizinii
525 965 1366 1124 mliilllbmlsllfoilflallzlil:

332 1124 497 1198 continetur,
521 1144 668 1207 exponere.
707 1122 944 1196 comedimus,
972 1138 1004 1183 ut
1027 1120 1064 1183 ab
1088 1124 1168 1185 initio
1187 1125 1286 1187 cnoro·
1303 1128 1365 1200 suit,

331 1202 521 1284 paulatimque
535 1202 708 1283 personarum
731 1222 848 1265 numero
868 1204 898 1262 in
919 1204 1042 1284 quinque
1066 1203 1140 1266 accur
1154 1205 1296 1281 noodr:
1325 1210 1365 1267 ita

330 1282 465 1359 paulatim
488 1282 565 1343 velut
577 1284 674 1343 attrito
699 1297 785 1362 atque
805 1300 957 1342 extenuato
976 1286 1063 1342 cnoro
1083 1281 1121 1341 ad
1143 1305 1240 1343 noan
1259 1281 1363 1345 Coera-

329 1362 400 1419 d'aee
413 1360 449 1420 fic
462 1362 596 1439 pervenit,
618 1376 650 1421 ut
661 1362 690 1421 in
702 1380 737 1420 ea
749 1380 804 1422 oon
817 1361 903 1421 modo
914 1380 969 1421 noo
981 1360 1123 1421 induatur
1137 1360 1244 1433 morus,
1269 1363 1316 1424 sed
1329 1384 1365 1425 ne

326 1438 402 1521 locus
416 1438 528 1517 quidem
542 1442 610 1500 tillus
627 1440 688 1517 jam
701 1440 869 1519 relinquatur
886 1441 983 1501 choro.
1021 1441 1099 1501 Nam
1111 1441 1254 1519 pullqmm
1272 1445 1363 1506 otioso

331 1534 468 1597 tempore,
489 1518 801 1657 saslidioliorngpeciator
822 1517 944 1590 effraim,
970 1534 1036 1578 nanc
1053 1537 1119 1579 cum
1131 1518 1169 1577 ad
1187 1535 1313 1581 cantores
1324 1520 1363 1581 ab

329 1598 464 1657 asloriboa
490 1596 583 1659 fabula
605 1614 647 1657 tra
687 1600 745 1670 bat,
769 1596 931 1677 consurgere
952 1600 978 1655 dr
995 1596 1073 1657 abire
1092 1596 1239 1674 caepisset:
1261 1598 1362 1661 admo·

329 1676 389 1735 nuit
402 1678 510 1750 Poetae,
534 1677 756 1759 primoquidem
777 1678 875 1736 cltoror
931 1678 1118 1747 aetermittere,
1139 1676 1231 1737 locum
1254 1679 1295 1737 eia
1317 1698 1364 1739 re·

328 1754 491 1833 linquente»,
520 1772 550 1819 ut
571 1756 715 1816 Menander
737 1756 805 1816 fecit
826 1756 879 1814 ltac
943 1754 1033 1823 causa,
1053 1772 1119 1829 non,
1147 1770 1177 1813 ut
1199 1755 1247 1813 alii
1271 1758 1361 1818 existi·

329 1852 417 1905 maur,
433 1836 497 1894 alia.
538 1836 678 1895 Pollremo
697 1854 733 1895 ue
752 1836 843 1893 locam
855 1834 972 1913 quidem
984 1835 1190 1911 relinquerunt:
1211 1834 1287 1912 quod
1302 1837 1361 1895 La·

329 1912 380 1971 tini
394 1914 515 1974 fecerunt
529 1915 636 1975 Comici
650 1934 657 1971 :
682 1913 754 1973 unde
775 1912 850 1994 apud
872 1914 931 1971 illua
942 1912 1072 1971 dirimere
1089 1914 1162 1971 adina
1175 1932 1360 1993 quinquepar-

329 1991 576 2053 titoadifficileesl.
616 1994 692 2052 Tum
706 1994 790 2051 etiam
817 1992 910 2085 Graeci
928 1990 1067 2089 prologoa
1084 2010 1140 2051 non
1162 1990 1359 2084 habentlmure

328 2068 1032 2229 nullan,laciniatim
1045 2071 1360 2209 tinnulas

328 2247 388 2287 runr
404 2230 528 2295 habenta
552 2228 684 2290 Terentius
701 2229 860 2289 nonhabet.
900 2231 944 2286 Ad
958 2228 1047 2287 bocer
1085 2225 1304 2309 airaimpiem,
1325 2230 1360 2289 id

328 2308 365 2363 cll
414 2308 500 2367 rsonae
515 2325 590 2368 extra
603 2324 793 2388 argumentum
807 2304 956 2376 accersitae,
969 2325 1025 2367 ooo
1036 2254 1116 2365 izin
1125 2307 1216 2365 careri
1230 2306 1355 2366 babent·

325 2326 424 2462 quibis
444 2389 573 2448 Terentius
591 2388 658 2468 sape
681 2390 774 2457 utitur,
798 2405 828 2445 ut
850 2405 897 2463 per
909 2385 1005 2444 barum
1024 2383 1192 2444 indudliouee
1212 2383 1291 2444 facile
1305 2407 1355 2465 pa-

326 2479 385 2523 teat
407 2481 608 2545 argumentum.
642 2467 768 2531 Veteres.
796 2463 844 2524 etsi
868 2464 916 2540 ipd
939 2465 1158 2542 qaoquemetrie
1173 2460 1358 2540 negligentius

325 2559 440 2621 egerunt
453 2545 562 2603 iambici
585 2543 672 2604 versus
686 2545 819 2604 duntaxat
841 2540 999 2601 insecundo
1010 2545 1036 2598 dr
1047 2558 1148 2620 quarto
1159 2541 1232 2608 loco,
1261 2559 1358 2605 tamen

324 2617 343 2678 ai
368 2621 486 2683 Terentio
518 2625 662 2682 vincuntur
694 2623 857 2682 resolutione
879 2620 957 2696 bujur
980 2622 1070 2690 metri,
1106 2635 1240 2698 quantum
1266 2624 1357 2698 porei}

324 2703 486 2764 comminuti
511 2703 546 2760 ad
569 2703 715 2780 imaginem
736 2701 821 2779 prose
839 2700 979 2759 orationis.
1020 2700 1096 2757 'llam
1119 2697 1292 2776 personarum
1312 2703 1355 2760 le·

322 2795 372 2856 ger
394 2783 466 2840 circa
489 2779 625 2851 habitum,
647 2797 770 2851 aetatem,
791 2778 920 2847 odicium,
943 2791 1034 2856 parter
1062 2777 1173 2854 agendi,
1190 2779 1283 2836 'nemo
1307 2781 1352 2838 di-

321 2857 450 2936 ligentius
473 2859 590 2919 surreie
609 2858 733 2919 cusiodit.
782 2858 942 2937 Qainetiarn
964 2855 1034 2914 solue
1061 2856 1137 2914 ausos
1158 2856 1207 2926 cll,
1230 2874 1294 2915 cum
1322 2860 1354 2919 io

321 2933 389 2995 fictis
410 2959 440 2996 ar
459 2940 575 2998 umentia
601 2936 683 2996 fidem
710 2938 832 2996 veritatis
845 2937 1035 3012 affequererur,
1058 2939 1143 2993 etiam
1156 2949 1253 2994 contra
1277 2955 1352 3012 praj-

314 3015 420 3096 'scripta
433 2957 559 3088 donica,
583 3015 739 3076 meretrices
753 3013 890 3074 interdum
903 3032 958 3071 non
970 3013 1055 3070 malae
1066 3012 1240 3072 introducere
1253 3033 1261 3068 ε
1286 3019 1351 3091 qui·

321 3091 371 3154 bur
395 3114 497 3168 tamen,
518 3115 566 3154 cor
593 3095 671 3155 boore
689 3093 750 3162 lint,
774 3098 799 3151 dr
821 3094 946 3152 voluntas
970 3111 1020 3170 per
1043 3091 1174 3171 ipsum&
1192 3091 1271 3150 causa
1290 3113 1351 3154 uon

320 3172 397 3234 delit.
437 3177 504 3233 llaec
517 3193 580 3232 curn
601 3173 742 3234 artificiose
764 3172 896 3231 serendas
922 3171 1028 3241 fecerir,
1054 3188 1111 3228 tum
1125 3167 1192 3228 illud
1210 3169 1352 3230 admiran-

320 3251 399 3326 dum,
418 3241 492 3332 quod
512 3257 653 3312 &rnorem
668 3253 789 3318 retinuit,
816 3267 847 3309 ut
860 3249 1037 3308 comoediam
1062 3248 1201 3317 scriberet,
1226 3257 1254 3306 dr
1276 3267 1350 3310 tcm-

340 3336 427 3391 eravit
439 3329 573 3401 affectum,
598 3351 632 3390 ne
645 3333 672 3390 in
686 3329 866 3406 Tragoediam
881 3327 1042 3387 tranbliret:
1064 3325 1140 3405 quod
1153 3345 1217 3386 cum
1230 3325 1290 3385 aliia
1304 3350 1351 3388 re-

320 3349 370 3468 in
380 3412 492 3468 minime
511 3411 654 3470 obtentum
669 3413 694 3466 dr
709 3407 725 3468 d
739 3409 846 3475 Plauto.
870 3414 895 3465 δι
907 3405 943 3463 ab
958 3405 1073 3480 Afranio
1086 3408 1111 3461 dr
1124 3405 1213 3475 Arrio,
1238 3411 1263 3464 de
1276 3407 1350 3467 mul·

319 3491 353 3548 tia
375 3488 431 3548 sere
455 3491 560 3568 magnis
583 3489 875 3549 Comiciainrenlmue.
907 3484 978 3546 illud
1003 3502 1115 3561 quoque
1140 3485 1210 3542 inter
1237 3485 1349 3544 Teren-

318 3570 405 3628 tianae
430 3568 545 3628 virtuter
574 3569 709 3639 mirabile,
744 3566 821 3646 quod
847 3563 905 3642 ejus
941 3562 1040 3621 sabula
1063 3581 1099 3620 eo
1124 3559 1185 3621 sunt
1209 3577 1349 3641 tempera·

317 3664 422 3718 mento,
450 3661 480 3707 ut
501 3667 591 3728 neque
609 3644 792 3706 eltumescent
813 3644 850 3702 ad
863 3644 1010 3719 'tragicam
1031 3638 1230 3730 celfitudioem‚
1253 3662 1348 3778 megae

316 3725 479 3802 abjiciantur
504 3736 540 3784 ad
553 3728 694 3785 mimicam
717 3725 862 3782 vilitatem.
902 3720 986 3780 Adde
1005 3719 1081 3797 quod
1104 3719 1173 3777 nihl
1194 3719 1283 3779 abihu
1297 3743 1346 3788 um

314 3806 398 3864 abeo
413 3802 530 3881 ponitur,
551 3821 599 3864 aut
612 3805 687 3884 quod
701 3803 736 3862 ab
759 3801 887 3860 hilloricia
909 3797 1100 3878 requirendum
1112 3797 1145 3856 fit
1160 3819 1170 3862 r
1196 3796 1272 3876 quud
1296 3800 1347 3860 sae.

313 3885 374 3960 piua
394 3883 507 3942 Plautus
527 3884 603 3957 facit,
628 3889 651 3941 lle
678 3903 711 3941 eo
734 3883 771 3939 eli
790 3880 927 3939 obscurior
948 3883 976 3935 in
997 3878 1118 3956 pluribus
1138 3877 1214 3936 locie.
1257 3879 1346 3938 Adde

313 3959 388 4038 quod
402 3963 555 4040 argumenti
581 3981 613 4020 ac
636 3961 693 4035 styli
718 3962 757 4018 ita
779 3975 885 4018 attente
898 3975 1004 4015 memor
1016 3957 1064 4026 est,
1088 3954 1263 4033 utnusquam
1283 3977 1344 4020 non

209 4075 213 4081 ·
313 4041 427 4113 caverit,
441 4055 488 4098 aut
499 4041 635 4100 curaverit
647 4059 689 4109 ca,
706 4059 767 4117 quae
779 4038 870 4098 obelse
888 4050 1052 4114 potuerunt:
1076 4049 1134 4093 tum
1149 4032 1224 4112 quod
1246 4038 1344 4096 media

312 4121 405 4200 primia
427 4135 511 4196 atque
534 4121 671 4200 poliremis
694 4119 733 4179 ita
759 4118 863 4190 nexuit,
894 4131 925 4177 ut
942 4113 1011 4174 nibil
1031 4112 1159 4178 additum
1180 4112 1268 4184 alteri,
1284 4115 1342 4252 istd

1244 4211 1282 4272 ap
1297 4215 1345 4254 um
